1630 3217
765 290 853 336 138

154 448 255 478 vero
271 467 285 489 ,
318 446 545 494 quemnam
562 466 576 488 ,
616 433 707 494 ipso
739 432 869 478 Arato
896 431 1069 489 melius,
1127 432 1233 479 haec
1264 436 1454 482 tenuisse

154 542 382 580 statuamus
401 569 414 589 ,
446 536 514 596 cuj
523 550 568 581 us
590 543 680 581 tota
706 535 820 591 vita,
851 544 951 582 ante
977 545 1070 586 ncta
1086 570 1099 591 ,
1131 536 1177 582 in
1202 536 1448 583 Macedoni-

157 638 236 682 bus
265 638 589 699 oppugnandis,
626 648 860 701 occupata,
894 641 1085 702 quique,
1116 643 1162 687 in
1189 640 1270 687 hac
1289 642 1449 697 ,veluti

157 741 361 802 primarizi
404 743 661 804 cogitatione
679 778 691 798 ,
739 745 793 790 ob
833 744 879 790 id
912 745 1050 807 ipsum
1074 780 1087 802 ,
1132 745 1291 792 defixus
1336 747 1450 801 fuit,

158 843 276 904 quod
316 844 411 891 illos
440 879 453 900 ,
496 846 582 889 sive
619 843 831 890 hostiliter
856 878 869 899 ‚
912 847 999 893 sive
1041 864 1120 909 pro
1153 849 1361 903 dominis,
1408 856 1451 892 et

160 947 288 1007 egisse
328 963 494 1008 semper
524 949 676 1004 sciret,
697 957 752 995 -et
778 964 942 1011 semper
971 959 1136 996 acturos
1146 979 1166 1007 ·,
1199 953 1281 997 nisi
1305 966 1451 996 eorum

159 1051 387 1121 imperium
418 1051 612 1097 funditus
641 1052 830 1097 deletum
857 1051 1040 1098 fuisset?
1090 1052 1201 1109 Quid
1231 1053 1359 1112 igitur
1376 1086 1390 1107 ,
1418 1054 1452 1097 si

158 1152 260 1214 lupo
278 1185 293 1207 ‚
325 1152 439 1215 pelle
468 1153 618 1216 agnina
646 1155 783 1215 posita
800 1189 814 1209 ,
846 1156 1007 1201 saevire
1044 1154 1271 1217 aliquando
1295 1155 1340 1198 in
1364 1154 1459 1199 mi-

159 1270 249 1302 sere
279 1256 476 1316 deceptos
504 1256 791 1303 collibuisset?
855 1259 1080 1305 Undenam
1108 1267 1214 1304 tunc
1230 1259 1348 1322 salus
1376 1274 1453 1318 pe-

160 1357 290 1403 tenda
320 1358 640 1420 desperantibus
666 1360 844 1407 fuisset?
878 1361 1070 1416 Quonam
1092 1361 1230 1421 pretio
1246 1360 1453 1421 flagitium

159 1462 267 1507 illud
294 1478 416 1508 suum
439 1462 738 1508 redimendum
755 1464 778 1508 ’ἶ
840 1463 957 1508 Haec
974 1496 988 1516 ,
1019 1462 1065 1506 ni
1097 1462 1219 1507 fallor
1235 1496 1249 1516 ‚
1286 1461 1455 1507 dubita-

162 1566 224 1612 tio
262 1564 345 1611 viri
385 1574 533 1627 pectus
551 1600 564 1621 ,
595 1565 721 1624 yariis
750 1564 971 1637 affectibus
1000 1562 1253 1624 exagitatum
1278 1562 1456 1607 misere-

162 1685 245 1730 que
275 1669 550 1723 distractum,
583 1669 825 1730 opprimere
853 1668 1003 1712 debuit
1031 1675 1075 1711 et
1096 1678 1242 1711 revera
1270 1679 1454 1726 oppres-

162 1773 233 1818 sit.
299 1772 441 1829 Quum
469 1771 585 1816 enim
614 1770 850 1831 Antigonus
870 1771 963 1831 jam
999 1783 1096 1817 cum
1140 1768 1327 1817 exercitu
1374 1768 1457 1813 ad-

164 1885 380 1930 ventaret,
427 1877 580 1922 Aratus
617 1876 688 1929 ei,
734 1875 843 1920 clam
872 1873 1091 1927 hostibus,
1124 1872 1176 1916 ad
1200 1872 1327 1934 Pagas
1357 1886 1458 1917 cum

165 1980 393 2042 demiurgis
412 2015 425 2035 ,
451 1981 504 2024 ad
525 1980 708 2025 dandam
722 1978 1102 2040 accipiendamque
1119 1977 1247 2021 fidem
1259 2009 1271 2029 ,
1289 1975 1456 2020 obviam

165 2079 244 2124 ivit
262 2113 275 2134 ‚
321 2081 369 2125 οὐ
415 2085 531 2126 πάνυ
567 2098 612 2124 τι
639 2081 816 2137 θαῤῥῶν
852 2081 928 2123 τὸν
958 2061 1223 2130 ’Λντίγονοῷ
1254 2076 1349 2121 οὐδὲ
1381 2092 1455 2118 πι-

165 2186 296 2235 galam
342 2187 430 2235 τοῖς
471 2182 733 2229 Μακεδόσιν’
772 2181 865 2239 ᾔδει
909 2182 990 2239 γὰρ
1031 2179 1267 2238 ηὐξημένον
1300 2178 1455 2223 ἑαυτὸν

167 2285 214 2338 ἐξ
253 2275 315 2330 ὧν
363 2285 545 2335 ἐκείνους
582 2286 720 2336 κακῶς
751 2284 916 2341 ἐποίησε
947 2284 1021 2327 καὶ
1050 2284 1223 2340 πρώτην
1253 2279 1455 2337 emmone

166 2390 342 2447 μεγίςην
370 2389 575 2432 ὑπόθεσιν
605 2393 677 2442 τῆς
707 2387 920 2436 πολιτείας
956 2388 1035 2440 τὴν
1066 2386 1168 2442 πρὸς
1192 2381 1457 2437 Ἀντίγονον

169 2496 244 2538 τὸν
287 2492 474 2539 παλαιὸν
504 2494 683 2551 ἔχθραν.
746 2492 893 2538 Ἀλλά
907 2527 920 2548 ,
953 2493 1012 2537 ita
1041 2490 1256 2553 subjungit
1285 2491 1456 2536 Plutar-

170 2594 299 2647 chus,
348 2598 455 2651 ὁρῶν
500 2597 791 2654 ἀπαραίτητον
835 2599 1097 2654 ἐπικειμένην
1150 2600 1342 2652 ἀνάγκην
1386 2595 1456 2637 καὶ
