1630 3217
768 259 851 305 151

178 411 232 453 14
248 435 263 463 ,·
297 409 371 453 ubi
399 408 455 452 de
490 405 679 452 historici
702 404 839 448 officio
870 403 929 449 sic
950 402 1161 462 disputat:
1199 403 1245 444 ἐν
1265 401 1344 469 μὲι(
1369 397 1449 444 οὖν

171 514 228 569 τῷ
267 512 400 570 λοιπῷ
446 512 526 570 βίῳ
561 512 637 564 τὴν
678 514 876 565 τοιαύτην
919 507 1144 551 ἐπιείκειαν
1169 504 1266 554 ἴσως
1291 505 1365 548 οὐκ
1386 505 1444 550 ἄν

169 630 232 663 τις
274 613 443 671 ἐκβάλοι
478 612 549 654 καὶ
592 611 671 666 γὰρ
698 608 918 663 φιλόφιλον
949 609 1014 652 δεῖ
1040 606 1150 653 εἶναι
1175 610 1247 653 τὸν
1272 611 1440 662 ἀγαθὸν

168 713 305 770 ἄνδρα
344 714 414 755 καὶ
450 711 701 767 φιλόπατριν
739 712 811 753 καὶ
837 716 1046 767 σ-υμμισεῒν
1073 716 1161 760 τοῖς
1187 709 1322 765 φίλοις
1349 713 1444 759 τούς

171 817 345 874 ἐχθρούς
371 815 442 856 καὶ
471 817 720 869 συναγαπᾷν
748 814 843 863 τούς
871 812 1044 867 φίλους,
1076 813 1180 856 ὅταν
1202 812 1247 856 δὲ
1278 814 1324 855 τὸ
1353 813 1441 861 igo-

170 920 263 975 ρίας
289 916 394 972 ἦθος
419 916 698 974 ἀναλαμβάνῃ
726 932 819 969 τις,
852 914 1138 958 ἐπιλαθέσθαι
1169 916 1243 971 χρὴ
1272 915 1444 955 πάντων

166 1022 252 1066 τῶν
290 1021 498 1064 τοιοιῖτων’
544 1020 615 1061 καὶ
642 1017 842 1067 πολλάκις
869 1019 947 1071 μὲν
970 1016 1154 1069 εὐλογεῖν
1182 1015 1253 1057 καὶ
1283 1018 1448 1068 κοσμεῖν

165 1129 251 1174 τοῖς
287 1124 467 1179 μεγίςοις
495 1122 690 1171 ἐπαίνοις,
710 1122 806 1169 τούς
835 1122 1009 1178 ἐχθρούς
1026 1153 1039 1173 ,
1071 1121 1177 1164 ὅταν
1207 1121 1254 1163 αἱ
1272 1121 1439 1178 πράξεις

163 1226 369 1269 ἀπαιτῶσι
399 1225 532 1269 τοῦτο’
558 1222 759 1273 πολλάκις
789 1224 834 1266 δὲ
858 1223 1041 1281 ἐλέγχειν
1069 1225 1141 1266 καὶ
1166 1224 1316 1279 ψέγειν
1344 1226 1442 1267 ἔπο-

164 1328 349 1376 νειδίςως
377 1328 472 1375 τούς
497 1310 857 1377 ἀναγκαιοτάτους
873 1359 885 1378 ,
918 1327 1021 1370 ὅταν
1053 1327 1098 1368 αἱ
1122 1329 1208 1371 τῶν
1224 1328 1444 1383 ἐπιτηδευ-

161 1433 305 1483 μάτων
344 1428 544 1485 ἁμαρτίαι
584 1428 706 1470 τοῦθ’
745 1428 1085 1474 ὑποδεικνῦωσιν.
1156 1429 1315 1488 εὨσπερ
1364 1433 1444 1488 γὰρ

167 1532 275 1583 ζὼου
315 1534 400 1575 τῶν
439 1532 578 1586 ὄψεων
621 1531 957 1587 ἀφαιρεθεισῶν,
1004 1532 1240 1587 οὲχρειοῦται
1264 1534 1310 1574 τὸ
1330 1531 1442 1577 ὄλοιτ’

164 1636 291 1684 οὕτως
315 1633 358 1684 ἐξ
388 1633 540 1691 ἱςορίας
568 1632 855 1689 ἀναιρεθείσης
881 1637 952 1687 τῆς
978 1631 1181 1688 ἀληθείας
1199 1666 1210 1685 ,
1243 1635 1290 1675 τὸ
1311 1648 1446 1676 κατα-
1492 1644 1498 1651 “

164 1738 407 1791 λειπόμενον
432 1737 558 1790 αὐτῆς
585 1736 793 1788 ἀνωφελὲς
822 1736 1011 1787 γίγνεται
1036 1736 1234 1792 διήγημα.

224 1835 353 1877 Libro
384 1835 513 1877 X110.
547 1849 587 1878 c.
623 1837 663 1877 7.
688 1835 841 1893 duplex
867 1835 979 1877 idem
1008 1836 1186 1894 scriptor
1212 1853 1297 1882 esse
1321 1854 1440 1884 men-

163 1937 274 1983 dacii
312 1951 438 1997 genus
477 1934 722 1979 contendit.-
770 1948 903 1977 unum
944 1937 1057 1995 quod
1097 1936 1150 1979 ab
1179 1939 1441 1998 ignoratione

161 2042 248 2087 veri
286 2038 585 2101 proficiscitur,
642 2037 845 2089 alterum,
879 2039 992 2096 quod
1036 2056 1057 2082 a
1085 2049 1197 2083 certo
1225 2043 1441 2101 proposito

160 2136 394 2189 mentiendi
415 2161 424 2197 ;
461 2142 536 2203 qui
557 2156 631 2200 per
659 2141 962 2201 ignorationem
989 2157 1011 2184 a
1026 2143 1200 2187 veritate
1216 2144 1443 2190 aberrave-

160 2248 246 2290 rint
265 2282 276 2301 ,
309 2246 374 2292 his
398 2246 563 2290 veniam
589 2258 673 2289 esse
696 2245 876 2290 dandam
894 2280 905 2299 ‚
940 2245 1014 2306 qui
1042 2245 1256 2291 voluntate
1268 2256 1311 2292 et
1326 2258 1441 2294 certo

161 2351 376 2410 proposito
396 2383 409 2403 ,
454 2349 712 2410 implacabili
750 2366 819 2395 eos
859 2349 956 2394 odio
996 2366 1082 2396 esse
1116 2353 1442 2413 prosequendos,

164 2454 309 2500 Utrius
353 2455 481 2521 igitur
514 2455 725 2500 mendacii
761 2457 923 2517 generis
975 2456 1170 2515 Polybius
1212 2456 1442 2517 arguendus

163 2557 255 2601 est?
321 2555 524 2602 Neutrius
541 2591 554 2612 ‚
602 2558 752 2613 credo;
802 2559 872 2605 sed
915 2561 977 2605 illi
1018 2562 1186 2606 fortasse
1214 2562 1445 2617 acciderit,
