1630 3217
815 290 868 332 (24

194 445 261 480 tus
300 445 340 480 et
380 434 653 495 Calydoniam
685 435 907 497 populatus
951 437 995 480 in
1026 437 1231 481 Acha'iam
1256 436 1382 481 rediit
1421 442 1474 492 ¹)-,

190 547 241 590 In
282 545 411 587 altera
451 552 592 589 tamen
632 543 752 589 Arati
795 545 1018 603 praetura,
1050 559 1175 606 quam
1207 558 1314 587 anno
1343 542 1474 586 inter—

184 651 300 709 jecto
337 650 489 709 gessit,
536 650 737 695 continuo
786 651 1105 695 memorandum
1151 651 1311 695 facinus
1361 650 1473 711 quod

190 753 381 797 omnium
409 753 588 798 maxime
625 753 885 799 celebratum
913 754 1077 811 edidit3
1126 756 1443 816 occupationem
1462 788 1473 807 ,

189 854 388 917 inquam,
419 856 744 912 Acrocorinthi,
779 872 905 919 quam
920 859 1159 920 proditione
1178 860 1476 907 Macedonibus

194 959 376 1019 eripuit,
424 959 510 1017 qua'-
546 958 750 1001 nimirum
787 959 986 1005 effectum
1028 970 1115 1016 est,
1165 973 1211 1008 ut
1251 961 1474 1007 Corinthus

189 1063 349 1107 foederi
390 1061 656 1107 Achaeorum
701 1077 785 1107 sese
828 1062 1101 1123 adjungeret,
1147 1072 1274 1126 atque
1315 1065 1473 1124 ingenti

185 1174 304 1211 metu
326 1165 620 1226 Peloponnesii
649 1165 924 1214 solverentur.
972 1166 1174 1210 Enarrata
1201 1174 1341 1210 autem
1370 1166 1474 1209 haec

189 1278 286 1314 sunt
311 1285 334 1314 a
363 1267 591 1313 Plutarcho
621 1267 709 1323 ita,
754 1276 800 1313 ut
840 1283 948 1329 quae
989 1267 1255 1312 clandestinis
1293 1266 1475 1312 consiliis

189 1372 244 1415 ab
274 1371 402 1415 Arato
431 1379 523 1414 acta
547 1381 681 1415 essent
709 1387 901 1432 quaeque
939 1372 1090 1416 Aratus
1135 1372 1223 1432 ipse
1260 1372 1305 1415 in
1339 1372 1474 1415 lucem

189 1481 353 1518 tantum
376 1475 568 1532 proferre
594 1474 761 1532 potuit,
796 1473 1032 1517 luculenter
1053 1480 1254 1533 exponat.
1319 1476 1473 1518 Passim

186 1591 284 1620 vero
303 1575 425 1636 plura
452 1584 539 1620 tam
568 1575 736 1637 copiose
751 1574 937 1635 exposita
951 1584 1046 1619 sunt
1062 1608 1074 1628 ,
1092 1584 1139 1619 ut
1165 1589 1214 1619 ex
1227 1574 1346 1620 Arati
1361 1590 1477 1620 com-

184 1679 400 1724 mentariis
417 1678 627 1738 descripta
640 1679 772 1737 magis
787 1694 914 1738 quam
940 1688 1135 1738 excerpta
1161 1678 1381 1722 videantur
1419 1678 1474 1725 ¹).

248 1783 578 1827 Acrocorinthus
607 1817 618 1835 ‚
679 1783 732 1825 ab
793 1780 981 1825 hostibus
1040 1790 1242 1842 occupata
1267 1815 1278 1834 ,
1328 1781 1476 1825 infesta

187 1889 367 1934 maxime
409 1896 536 1949 atque
578 1886 850 1932 formidolosa
878 1884 1129 1928 imminebat
1159 1884 1478 1944 Peloponneso,
1546 1940 1550 1943 Δ

184 2002 226 2037 et
250 1992 303 2036 ad
335 1992 569 2037 incolarum
590 2025 600 2043 ‚
650 1990 685 2034 si
723 1987 935 2035 servitutis
963 1994 1158 2032 excutere
1182 1988 1334 2047 jugum
1361 1986 1476 2030 libe—

181 2106 277 2151 ret,
312 2097 496 2157 impetus
533 2094 821 2140 retundendos
860 2094 1010 2137 eximie
1052 2092 1232 2136 valebat.
1298 2092 1474 2135 Factum

182 2207 324 2242 autem
349 2197 431 2242 hoc
457 2197 660 2257 singulari
690 2195 817 2255 plane
847 2195 931 2239 loci
961 2193 1297 2255 opportunitate.
1363 2191 1473 2237 Isth-

183 2315 278 2344 mus
320 2301 435 2343 enim
452 2334 463 2353 ,
510 2302 648 2343 sinum
692 2298 978 2342 intercludens
1013 2307 1056 2341 et
1084 2295 1403 2341 Corinthiacum
1431 2304 1472 2340 et

182 2401 463 2455 Saronicum,
497 2399 1304 2459 Peloponnesum'continentiadnectit.
1339 2400 1473 2445 Acro-

231 2573 265 2606 1)
314 2561 370 2597 Cf.
384 2561 534 2603 Heeren,
562 2563 785 2608 Defontibus
797 2567 906 2610 atque
920 2567 1139 2600 auctoritate
1153 2567 1313 2601 vitarum
1326 2567 1471 2603 Paral-

180 2634 335 2671 lelarum
358 2632 560 2672 Plutarchi,
590 2635 625 2665 in
655 2634 784 2667 Comm.
813 2634 890 2668 Soc.
919 2634 1018 2669 Gatt.
1047 2635 1147 2669 Tom.
1175 2637 1265 2669 III.
