1630 3217
793 332 872 375 181

191 482 376 544 quamvis
411 477 570 538 saepius
615 472 890 526 adolescenti,
940 487 1040 531 prae
1083 469 1321 525 iracundia,
1365 471 1470 516 inter

190 585 443 638 dicendum,
487 590 533 626 ut
575 577 702 638 ipsius
733 550 948 621 Plutarchi
980 573 1104 618 verbo
1137 581 1254 626 utar,
1286 571 1471 617 allatras-

190 683 251 732 Set
269 719 282 739 ,
316 685 424 729 nihil
456 694 595 728 tamen
622 682 662 725 ei
692 678 947 739 respondet,
981 688 1145 739 patrem
1171 687 1307 723 autem
1325 713 1338 731 ,
1372 695 1470 723 mo-

189 790 321 833 derati
346 787 527 832 hominis
550 784 744 828 affectans
772 783 954 844 speciem
981 791 1108 843 atque
1135 782 1294 835 civilis,
1328 783 1472 827 dextra

191 893 391 952 prehensa
408 925 419 943 ‚
454 889 706 935 Ithomatam
726 924 737 942 ,
770 880 908 932 arcem
925 887 1226 932 Messeniorum
1242 887 1358 931 duxit
1378 920 1390 939 ,
1409 903 1471 930 sa-

187 1011 256 1039 cra
270 995 359 1039 Iovi
397 994 635 1055 facturussset
653 994 790 1038 locum
805 992 1183 1051 contemplaturus.
1218 990 1304 1035 Ubi
1320 1005 1467 1050 quum,

180 1099 268 1156 jam
297 1096 498 1141 sacrificio
526 1086 740 1148 instituto,
775 1103 866 1139 exta
889 1094 1152 1138 victimarum
1177 1126 1189 1147 ,
1224 1108 1300 1154 pro
1316 1108 1389 1138 usu
1402 1109 1467 1137 re-

185 1208 306 1258 cepto
326 1232 338 1251 ,
372 1200 460 1258 regi
488 1199 627 1243 oblata
660 1199 863 1250 fuissent,
898 1197 968 1241 ille
987 1231 997 1249 ,
1031 1206 1253 1258 postquam
1278 1199 1471 1242 manibus

183 1320 229 1346 ea
274 1303 544 1361 suscepisset,
583 1301 635 1345 ad
667 1311 894 1362 utrumque
917 1318 959 1345 se
989 1310 1180 1355 vertens,
1217 1311 1261 1346 et
1291 1303 1468 1345 Aratum

183 1414 224 1449 et
269 1395 532 1448 Demetrium
565 1401 770 1447 Pharium
797 1436 809 1455 ,
858 1402 961 1463 quid
1001 1417 1115 1447 sacra
1156 1401 1466 1462 significarent,

182 1508 435 1565 interrogat:
487 1520 681 1549 arcemne
723 1505 934 1549 Messeniis
958 1521 1044 1549 esse
1070 1505 1387 1565 relinquendam
1412 1523 1465 1551 an

182 1623 278 1651 vero
319 1607 605 1668 occupandam
645 1607 726 1651 sibi
771 1606 1032 1666 firmiterque
1071 1607 1336 1653 tenendam?
1397 1608 1465 1653 lbi

177 1719 278 1755 tunc
306 1711 543 1755 Demetrius
562 1745 573 1764 ,
606 1711 808 1755 continuo
836 1711 977 1755 ridens
998 1745 1008 1763 ,
1030 1712 1288 1771 respondisse
1304 1714 1461 1760 fertur.-

182 1814 332 1867 „vatis
377 1815 411 1854 si
452 1821 637 1856 mentem
664 1813 822 1864 habes,
857 1815 995 1857 locum
1026 1830 1151 1873 quam
1181 1817 1368 1873 primum
1397 1833 1463 1860 re-

178 1918 344 1976 linques
364 1950 375 1969 ,
411 1917 473 1959 sin
499 1917 608 1975 regis
624 1949 637 1970 ,
670 1919 821 1962 hovem
850 1927 1032 1977 utroque
1058 1934 1186 1962 cornu
1213 1922 1464 1969 retinebis.''

179 2019 341 2065 callide
373 2021 499 2064 situm
528 2019 718 2065 locorum
746 2019 798 2063 ad
828 2019 1161 2080 Peloponnesum
1190 2022 1463 2083 subigendam

176 2131 458 2186 opportunum
497 2122 673 2168 innuens
726 2117 781 2169 1).
846 2124 999 2169 Aratus
1048 2140 1146 2169 vero
1166 2160 1178 2179 ,
1211 2134 1460 2188 postquam,

176 2236 346 2288 rogante
386 2226 610 2288 Philippo,
654 2226 729 2270 diu
773 2226 1033 2279 obticuerat,
1073 2243 1205 2288 quum
1235 2245 1303 2272 rex
1332 2244 1460 2284 eum,

226 2443 257 2476 Ι)
306 2431 362 2469 Cf.
396 2434 522 2470 Strabo
558 2434 660 2471 VIII.
697 2438 730 2470 4.
766 2433 824 2470 ‘H
847 2435 889 2470 δὲ
913 2436 1126 2480 Μεσσηνίων
1144 2437 1247 2474 πόλις
1267 2437 1361 2470 ἔοικε
1386 2437 1458 2470 Ko-

175 2504 303 2549 ρίνθῳ·
343 2502 561 2550 ὑπέρκειται
586 2508 654 2552 γὰρ
680 2509 743 2549 τῆς
768 2505 904 2543 πόλεως
931 2505 1107 2551 ἑκατέρας
1134 2504 1213 2550 ὄρος
1236 2504 1374 2548 ὑψηλὸν
1396 2507 1458 2537 καὶ

175 2572 377 2625 ἀπότομον,
404 2576 525 2618 τείχει
547 2575 650 2618 κοινῷ
662 2574 984 2620 περιειλημμένον,
998 2573 1059 2611 ὣςε
1074 2571 1268 2617 ἀκροπόλει
1282 2574 1459 2618 χρῆσθαι·

174 2641 215 2673 τὸ
236 2638 300 2683 μὲν
326 2640 551 2685 καλούμενον
579 2639 730 2687 Ἰθώμη
756 2642 795 2676 τὸ
824 2640 865 2676 δὲ
888 2638 1195 2687 ’Λκροκόρινθοςο
1242 2633 1249 2641 ’
