<?xml version="1.0" encoding="UTF-8"?>
<!DOCTYPE html PUBLIC "-//W3C//DTD XHTML 1.0 Transitional//EN"
    "http://www.w3.org/TR/xhtml1/DTD/xhtml1-transitional.dtd">
<html xmlns="http://www.w3.org/1999/xhtml" xml:lang="en" lang="en">
 <head>
  <title>
</title>
<meta http-equiv="Content-Type" content="text/html;charset=utf-8" />
  <meta name='ocr-system' content='tesseract 3.04.00' />
  <meta name='ocr-capabilities' content='ocr_page ocr_carea ocr_par ocr_line ocrx_word'/>
</head>
<body>
  <div class='ocr_page' id='page_1' title='image "4737160_0076.png"; bbox 0 0 1630 3217; ppageno 0'>
   <div class='ocr_carea' id='block_1_1' title="bbox 779 294 834 336">
    <p class='ocr_par' dir='ltr' id='par_1_1' title="bbox 779 294 834 336">
     <span class='ocr_line' id='line_1_1' title="bbox 779 294 834 336; baseline 0 0"><span class='ocrx_word' id='word_1_1' title='bbox 779 294 834 336; x_wconf 83' lang='lat'><strong>49</strong></span> 
     </span>
    </p>
   </div>
   <div class='ocr_carea' id='block_1_2' title="bbox 79 428 1445 2567">
    <p class='ocr_par' dir='ltr' id='par_1_2' title="bbox 79 428 1445 2567">
     <span class='ocr_line' id='line_1_2' title="bbox 95 428 1440 500; baseline -0.001 -19"><span class='ocrx_word' id='word_1_2' title='bbox 95 456 101 460; x_wconf 88' lang='lat'>·</span> <span class='ocrx_word' id='word_1_3' title='bbox 156 428 353 484; x_wconf 81' lang='lat' dir='ltr'><strong>exantlati</strong></span> <span class='ocrx_word' id='word_1_4' title='bbox 380 438 541 500; x_wconf 75' lang='lat' dir='ltr'><strong>[abores</strong></span> <span class='ocrx_word' id='word_1_5' title='bbox 580 436 639 479; x_wconf 85' lang='lat' dir='ltr'><strong>ita</strong></span> <span class='ocrx_word' id='word_1_6' title='bbox 663 435 915 490; x_wconf 73' lang='lat' dir='ltr'><strong>domuerant</strong></span> <span class='ocrx_word' id='word_1_7' title='bbox 943 442 1071 494; x_wconf 82' lang='lat' dir='ltr'><strong>atque</strong></span> <span class='ocrx_word' id='word_1_8' title='bbox 1088 436 1440 489; x_wconf 74' lang='lat' dir='ltr'><strong>obscuraverant,</strong></span> 
     </span>
     <span class='ocr_line' id='line_1_3' title="bbox 155 536 1445 604; baseline -0.003 -17"><span class='ocrx_word' id='word_1_9' title='bbox 155 551 204 587; x_wconf 87' lang='lat' dir='ltr'><strong>ut</strong></span> <span class='ocrx_word' id='word_1_10' title='bbox 223 544 350 604; x_wconf 82' lang='lat' dir='ltr'><strong>plane</strong></span> <span class='ocrx_word' id='word_1_11' title='bbox 367 542 496 588; x_wconf 68' lang='lat' dir='ltr'><strong>⁴v&#39;ultu</strong></span> <span class='ocrx_word' id='word_1_12' title='bbox 528 539 776 584; x_wconf 77' lang='lat' dir='ltr'><strong>immutatus</strong></span> <span class='ocrx_word' id='word_1_13' title='bbox 807 536 1035 583; x_wconf 72' lang='lat' dir='ltr'><strong>videretur.</strong></span> <span class='ocrx_word' id='word_1_14' title='bbox 1100 537 1231 582; x_wconf 85' lang='lat' dir='ltr'><strong>Effusi</strong></span> <span class='ocrx_word' id='word_1_15' title='bbox 1255 537 1445 600; x_wconf 85' lang='lat' dir='ltr'><strong>undique</strong></span> 
     </span>
     <span class='ocr_line' id='line_1_4' title="bbox 150 628 1439 705; baseline 0 -16"><span class='ocrx_word' id='word_1_16' title='bbox 150 644 352 689; x_wconf 85' lang='lat' dir='ltr'><strong>clamores</strong></span> <span class='ocrx_word' id='word_1_17' title='bbox 381 650 638 705; x_wconf 86' lang='lat' dir='ltr'><strong>exceperunt</strong></span> <span class='ocrx_word' id='word_1_18' title='bbox 658 628 951 704; x_wconf 76' lang='lat' dir='ltr'><strong>prodeuntem.</strong></span> <span class='ocrx_word' id='word_1_19' title='bbox 1014 641 1092 687; x_wconf 85' lang='lat' dir='ltr'><strong>Ille</strong></span> <span class='ocrx_word' id='word_1_20' title='bbox 1120 657 1219 687; x_wconf 83' lang='lat' dir='ltr'><strong>vero</strong></span> <span class='ocrx_word' id='word_1_21' title='bbox 1235 676 1248 697; x_wconf 90' lang='lat'>‚</span> <span class='ocrx_word' id='word_1_22' title='bbox 1279 642 1439 689; x_wconf 83' lang='lat' dir='ltr'><strong>hastam</strong></span> 
     </span>
     <span class='ocr_line' id='line_1_5' title="bbox 151 743 1437 806; baseline 0 -15"><span class='ocrx_word' id='word_1_23' title='bbox 151 747 295 791; x_wconf 72' lang='lat' dir='ltr'><strong>dextra</strong></span> <span class='ocrx_word' id='word_1_24' title='bbox 323 754 471 794; x_wconf 86' lang='lat' dir='ltr'><strong>tenens</strong></span> <span class='ocrx_word' id='word_1_25' title='bbox 488 780 502 801; x_wconf 90' lang='lat'>‚</span> <span class='ocrx_word' id='word_1_26' title='bbox 519 755 521 757; x_wconf 79' lang='grc'><strong>’</strong></span> <span class='ocrx_word' id='word_1_27' title='bbox 536 755 578 791; x_wconf 88' lang='lat' dir='ltr'><strong>et</strong></span> <span class='ocrx_word' id='word_1_28' title='bbox 605 743 801 792; x_wconf 88' lang='lat' dir='ltr'><strong>nonnihil</strong></span> <span class='ocrx_word' id='word_1_29' title='bbox 829 745 876 789; x_wconf 89' lang='lat' dir='ltr'><strong>in</strong></span> <span class='ocrx_word' id='word_1_30' title='bbox 904 751 998 789; x_wconf 86' lang='lat' dir='ltr'><strong>eam</strong></span> <span class='ocrx_word' id='word_1_31' title='bbox 1028 758 1204 806; x_wconf 84' lang='lat' dir='ltr'><strong>corpore</strong></span> <span class='ocrx_word' id='word_1_32' title='bbox 1216 745 1437 799; x_wconf 75' lang='lat' dir='ltr'><strong>reclinans,</strong></span> 
     </span>
     <span class='ocr_line' id='line_1_6' title="bbox 147 848 1437 910; baseline 0 -17"><span class='ocrx_word' id='word_1_33' title='bbox 147 848 301 906; x_wconf 76' lang='lat' dir='ltr'><strong>tacitus</strong></span> <span class='ocrx_word' id='word_1_34' title='bbox 344 848 419 893; x_wconf 91' lang='lat' dir='ltr'><strong>diu</strong></span> <span class='ocrx_word' id='word_1_35' title='bbox 458 848 625 905; x_wconf 85' lang='lat' dir='ltr'><strong>stabat,</strong></span> <span class='ocrx_word' id='word_1_36' title='bbox 656 849 759 894; x_wconf 89' lang='lat' dir='ltr'><strong>dum</strong></span> <span class='ocrx_word' id='word_1_37' title='bbox 788 848 957 910; x_wconf 79' lang='lat' dir='ltr'><strong>plausus</strong></span> <span class='ocrx_word' id='word_1_38' title='bbox 982 849 1307 895; x_wconf 79' lang='lat' dir='ltr'><strong>acclamantium</strong></span> <span class='ocrx_word' id='word_1_39' title='bbox 1329 852 1437 909; x_wconf 84' lang='lat' dir='ltr'><strong>ejus-</strong></span> 
     </span>
     <span class='ocr_line' id='line_1_7' title="bbox 148 950 1437 1017; baseline 0.002 -20"><span class='ocrx_word' id='word_1_40' title='bbox 148 965 231 1011; x_wconf 82' lang='lat' dir='ltr'><strong>que</strong></span> <span class='ocrx_word' id='word_1_41' title='bbox 255 950 457 997; x_wconf 77' lang='lat' dir='ltr'><strong>virtutem</strong></span> <span class='ocrx_word' id='word_1_42' title='bbox 483 952 782 1014; x_wconf 70' lang='lat' dir='ltr'><strong>fortunamque</strong></span> <span class='ocrx_word' id='word_1_43' title='bbox 804 952 1111 999; x_wconf 81' lang='lat' dir='ltr'><strong>celebrantium</strong></span> <span class='ocrx_word' id='word_1_44' title='bbox 1142 954 1333 1017; x_wconf 86' lang='lat' dir='ltr'><strong>undique</strong></span> <span class='ocrx_word' id='word_1_45' title='bbox 1370 969 1437 999; x_wconf 88' lang='lat' dir='ltr'><strong>re-</strong></span> 
     </span>
     <span class='ocr_line' id='line_1_8' title="bbox 148 1057 1435 1121; baseline -0.001 -18"><span class='ocrx_word' id='word_1_46' title='bbox 148 1058 338 1104; x_wconf 79' lang='lat' dir='ltr'><strong>sonabat.</strong></span> <span class='ocrx_word' id='word_1_47' title='bbox 403 1058 532 1104; x_wconf 84' lang='lat' dir='ltr'><strong>Facto</strong></span> <span class='ocrx_word' id='word_1_48' title='bbox 558 1057 745 1121; x_wconf 83' lang='lat' dir='ltr'><strong>denique</strong></span> <span class='ocrx_word' id='word_1_49' title='bbox 770 1057 939 1104; x_wconf 82' lang='lat' dir='ltr'><strong>silentio</strong></span> <span class='ocrx_word' id='word_1_50' title='bbox 958 1057 1229 1120; x_wconf 81' lang='lat' dir='ltr'><strong>tumultuque</strong></span> <span class='ocrx_word' id='word_1_51' title='bbox 1255 1072 1435 1120; x_wconf 86' lang='lat' dir='ltr'><strong>compo-</strong></span> 
     </span>
     <span class='ocr_line' id='line_1_9' title="bbox 144 1161 1432 1221; baseline -0.002 -15"><span class='ocrx_word' id='word_1_52' title='bbox 144 1162 222 1207; x_wconf 81' lang='lat' dir='ltr'><strong>sito</strong></span> <span class='ocrx_word' id='word_1_53' title='bbox 240 1196 252 1217; x_wconf 90' lang='lat'>‚</span> <span class='ocrx_word' id='word_1_54' title='bbox 286 1163 438 1208; x_wconf 65' lang='lat' dir='ltr'><strong>Aratus</strong></span> <span class='ocrx_word' id='word_1_55' title='bbox 456 1197 468 1217; x_wconf 94' lang='lat'><strong><em>,</em></strong></span> <span class='ocrx_word' id='word_1_56' title='bbox 499 1171 665 1207; x_wconf 83' lang='lat' dir='ltr'><strong>tantum</strong></span> <span class='ocrx_word' id='word_1_57' title='bbox 707 1176 793 1205; x_wconf 91' lang='lat' dir='ltr'><strong>non</strong></span> <span class='ocrx_word' id='word_1_58' title='bbox 820 1161 1037 1205; x_wconf 83' lang='lat' dir='ltr'><strong>exhaustos</strong></span> <span class='ocrx_word' id='word_1_59' title='bbox 1065 1161 1238 1221; x_wconf 87' lang='lat' dir='ltr'><strong>spiritus</strong></span> <span class='ocrx_word' id='word_1_60' title='bbox 1265 1161 1432 1205; x_wconf 85' lang='lat' dir='ltr'><strong>recolli-</strong></span> 
     </span>
     <span class='ocr_line' id='line_1_10' title="bbox 142 1264 1434 1326; baseline -0.001 -17"><span class='ocrx_word' id='word_1_61' title='bbox 142 1280 270 1324; x_wconf 79' lang='lat' dir='ltr'><strong>genS,</strong></span> <span class='ocrx_word' id='word_1_62' title='bbox 334 1265 438 1308; x_wconf 88' lang='lat' dir='ltr'><strong>haec</strong></span> <span class='ocrx_word' id='word_1_63' title='bbox 477 1266 566 1309; x_wconf 86' lang='lat' dir='ltr'><strong>fere</strong></span> <span class='ocrx_word' id='word_1_64' title='bbox 621 1264 676 1308; x_wconf 84' lang='lat' dir='ltr'><strong>ad</strong></span> <span class='ocrx_word' id='word_1_65' title='bbox 730 1279 898 1309; x_wconf 86' lang='lat' dir='ltr'><strong>causam</strong></span> <span class='ocrx_word' id='word_1_66' title='bbox 940 1266 1120 1310; x_wconf 83' lang='lat' dir='ltr'><strong>maxime</strong></span> <span class='ocrx_word' id='word_1_67' title='bbox 1176 1264 1434 1326; x_wconf 80' lang='lat' dir='ltr'><strong>pertinentia</strong></span> 
     </span>
     <span class='ocr_line' id='line_1_11' title="bbox 141 1365 1432 1428; baseline 0.002 -20"><span class='ocrx_word' id='word_1_68' title='bbox 141 1365 307 1411; x_wconf 89' lang='lat' dir='ltr'><strong>locutus</strong></span> <span class='ocrx_word' id='word_1_69' title='bbox 339 1381 424 1411; x_wconf 88' lang='lat' dir='ltr'><strong>esse</strong></span> <span class='ocrx_word' id='word_1_70' title='bbox 454 1366 638 1413; x_wconf 82' lang='lat' dir='ltr'><strong>videtur.</strong></span> <span class='ocrx_word' id='word_1_71' title='bbox 688 1365 849 1412; x_wconf 83' lang='lat' dir='ltr'><strong>Felices</strong></span> <span class='ocrx_word' id='word_1_72' title='bbox 877 1366 1122 1428; x_wconf 84' lang='lat' dir='ltr'><strong>praedicare</strong></span> <span class='ocrx_word' id='word_1_73' title='bbox 1160 1365 1400 1412; x_wconf 84' lang='lat' dir='ltr'><strong>Corinthios</strong></span> <span class='ocrx_word' id='word_1_74' title='bbox 1419 1400 1432 1421; x_wconf 93' lang='lat'>,</span> 
     </span>
     <span class='ocr_line' id='line_1_12' title="bbox 136 1467 1427 1531; baseline 0.002 -19"><span class='ocrx_word' id='word_1_75' title='bbox 136 1467 332 1514; x_wconf 87' lang='lat' dir='ltr'><strong>libertate</strong></span> <span class='ocrx_word' id='word_1_76' title='bbox 371 1477 466 1530; x_wconf 91' lang='lat' dir='ltr'><strong>post</strong></span> <span class='ocrx_word' id='word_1_77' title='bbox 505 1468 673 1529; x_wconf 79' lang='lat' dir='ltr'><strong>longam</strong></span> <span class='ocrx_word' id='word_1_78' title='bbox 711 1470 956 1515; x_wconf 82' lang='lat' dir='ltr'><strong>servitutem</strong></span> <span class='ocrx_word' id='word_1_79' title='bbox 1001 1469 1140 1514; x_wconf 87' lang='lat' dir='ltr'><strong>denuo</strong></span> <span class='ocrx_word' id='word_1_80' title='bbox 1176 1469 1427 1531; x_wconf 82' lang='lat' dir='ltr'><strong>gaudentes,</strong></span> 
     </span>
     <span class='ocr_line' id='line_1_13' title="bbox 140 1541 1428 1642; baseline 0 -28"><span class='ocrx_word' id='word_1_81' title='bbox 140 1541 376 1616; x_wconf 86' lang='lat' dir='ltr'><strong>feliciorem</strong></span> <span class='ocrx_word' id='word_1_82' title='bbox 416 1586 458 1616; x_wconf 86' lang='lat' dir='ltr'><strong>sc</strong></span> <span class='ocrx_word' id='word_1_83' title='bbox 487 1571 625 1631; x_wconf 86' lang='lat' dir='ltr'><strong>ipsum</strong></span> <span class='ocrx_word' id='word_1_84' title='bbox 643 1603 658 1626; x_wconf 88' lang='lat'><strong>,</strong></span> <span class='ocrx_word' id='word_1_85' title='bbox 691 1570 765 1631; x_wconf 88' lang='lat' dir='ltr'><strong>qui</strong></span> <span class='ocrx_word' id='word_1_86' title='bbox 792 1578 933 1642; x_wconf 77' lang='lat' dir='ltr'><strong>tantae</strong></span> <span class='ocrx_word' id='word_1_87' title='bbox 961 1569 1045 1616; x_wconf 85' lang='lat' dir='ltr'><strong>illis</strong></span> <span class='ocrx_word' id='word_1_88' title='bbox 1073 1570 1259 1616; x_wconf 86' lang='lat' dir='ltr'><strong>laetitiae</strong></span> <span class='ocrx_word' id='word_1_89' title='bbox 1282 1578 1428 1615; x_wconf 85' lang='lat' dir='ltr'><strong>auctor</strong></span> 
     </span>
     <span class='ocr_line' id='line_1_14' title="bbox 139 1656 1429 1736; baseline 0 -16"><span class='ocrx_word' id='word_1_90' title='bbox 139 1676 375 1731; x_wconf 80' lang='lat' dir='ltr'><strong>exstiterit3</strong></span> <span class='ocrx_word' id='word_1_91' title='bbox 424 1677 470 1721; x_wconf 90' lang='lat' dir='ltr'><strong>in</strong></span> <span class='ocrx_word' id='word_1_92' title='bbox 513 1656 764 1721; x_wconf 80' lang='lat' dir='ltr'><strong>memoriam</strong></span> <span class='ocrx_word' id='word_1_93' title='bbox 792 1691 988 1721; x_wconf 83' lang='lat' dir='ltr'><strong>revocare</strong></span> <span class='ocrx_word' id='word_1_94' title='bbox 1016 1691 1175 1736; x_wconf 79' lang='lat' dir='ltr'><strong>pugnas</strong></span> <span class='ocrx_word' id='word_1_95' title='bbox 1205 1675 1401 1736; x_wconf 80' lang='lat' dir='ltr'><strong>gloriosas</strong></span> <span class='ocrx_word' id='word_1_96' title='bbox 1418 1710 1429 1729; x_wconf 93' lang='lat'>,</span> 
     </span>
     <span class='ocr_line' id='line_1_15' title="bbox 79 1766 1427 1840; baseline 0.001 -17"><span class='ocrx_word' id='word_1_97' title='bbox 79 1766 82 1769; x_wconf 40' lang='lat'><strong><em>¹</em></strong></span> <span class='ocrx_word' id='word_1_98' title='bbox 140 1795 242 1839; x_wconf 83' lang='lat' dir='ltr'><strong>quas</strong></span> <span class='ocrx_word' id='word_1_99' title='bbox 286 1794 366 1840; x_wconf 90' lang='lat' dir='ltr'><strong>pro</strong></span> <span class='ocrx_word' id='word_1_100' title='bbox 411 1780 606 1826; x_wconf 87' lang='lat' dir='ltr'><strong>libertate</strong></span> <span class='ocrx_word' id='word_1_101' title='bbox 649 1780 805 1826; x_wconf 70' lang='lat' dir='ltr'><strong>tuenda</strong></span> <span class='ocrx_word' id='word_1_102' title='bbox 845 1779 988 1826; x_wconf 89' lang='lat' dir='ltr'><strong>Hellas</strong></span> <span class='ocrx_word' id='word_1_103' title='bbox 1034 1779 1203 1837; x_wconf 83' lang='lat' dir='ltr'><strong>obiisset</strong></span> <span class='ocrx_word' id='word_1_104' title='bbox 1239 1778 1427 1840; x_wconf 83' lang='lat' dir='ltr'><strong>antiqua.</strong></span> 
     </span>
     <span class='ocr_line' id='line_1_16' title="bbox 137 1881 1430 1932; baseline 0 -5"><span class='ocrx_word' id='word_1_105' title='bbox 137 1881 204 1927; x_wconf 80' lang='lat' dir='ltr'><strong>Ad</strong></span> <span class='ocrx_word' id='word_1_106' title='bbox 239 1882 510 1927; x_wconf 90' lang='lat' dir='ltr'><strong>concordiam</strong></span> <span class='ocrx_word' id='word_1_107' title='bbox 555 1882 646 1928; x_wconf 87' lang='lat' dir='ltr'><strong>illos</strong></span> <span class='ocrx_word' id='word_1_108' title='bbox 689 1882 853 1929; x_wconf 89' lang='lat' dir='ltr'><strong>hortari</strong></span> <span class='ocrx_word' id='word_1_109' title='bbox 887 1893 930 1929; x_wconf 87' lang='lat' dir='ltr'><strong>ct</strong></span> <span class='ocrx_word' id='word_1_110' title='bbox 957 1884 1176 1932; x_wconf 83' lang='lat' dir='ltr'><strong>virtutem.</strong></span> <span class='ocrx_word' id='word_1_111' title='bbox 1239 1883 1430 1930; x_wconf 80' lang='lat' dir='ltr'><strong>Laudare</strong></span> 
     </span>
     <span class='ocr_line' id='line_1_17' title="bbox 136 1980 1427 2044; baseline 0.002 -18"><span class='ocrx_word' id='word_1_112' title='bbox 136 1982 317 2028; x_wconf 81' lang='lat' dir='ltr'><strong>foederis</strong></span> <span class='ocrx_word' id='word_1_113' title='bbox 344 1980 521 2027; x_wconf 73' lang='lat' dir='ltr'><strong>Achaici</strong></span> <span class='ocrx_word' id='word_1_114' title='bbox 552 1983 793 2030; x_wconf 86' lang='lat' dir='ltr'><strong>institutum</strong></span> <span class='ocrx_word' id='word_1_115' title='bbox 812 1989 815 1991; x_wconf 77' lang='grc'><strong>’</strong></span> <span class='ocrx_word' id='word_1_116' title='bbox 834 1985 1080 2044; x_wconf 78' lang='lat' dir='ltr'><strong>egregium;</strong></span> <span class='ocrx_word' id='word_1_117' title='bbox 1119 1992 1166 2028; x_wconf 92' lang='lat' dir='ltr'><strong>ut</strong></span> <span class='ocrx_word' id='word_1_118' title='bbox 1212 1985 1292 2043; x_wconf 86' lang='lat' dir='ltr'><strong>ipsi</strong></span> <span class='ocrx_word' id='word_1_119' title='bbox 1320 2000 1427 2044; x_wconf 89' lang='lat' dir='ltr'><strong>quo-</strong></span> 
     </span>
     <span class='ocr_line' id='line_1_18' title="bbox 135 2085 1423 2147; baseline 0 -17"><span class='ocrx_word' id='word_1_120' title='bbox 135 2101 218 2147; x_wconf 88' lang='lat' dir='ltr'><strong>que</strong></span> <span class='ocrx_word' id='word_1_121' title='bbox 263 2085 488 2146; x_wconf 82' lang='lat' dir='ltr'><strong>participes</strong></span> <span class='ocrx_word' id='word_1_122' title='bbox 530 2087 617 2146; x_wconf 84' lang='lat' dir='ltr'><strong>ejus</strong></span> <span class='ocrx_word' id='word_1_123' title='bbox 661 2086 755 2130; x_wconf 88' lang='lat' dir='ltr'><strong>fieri</strong></span> <span class='ocrx_word' id='word_1_124' title='bbox 791 2086 946 2130; x_wconf 80' lang='lat' dir='ltr'><strong>vellent</strong></span> <span class='ocrx_word' id='word_1_125' title='bbox 976 2085 1155 2130; x_wconf 84' lang='lat' dir='ltr'><strong>invitare</strong></span> <span class='ocrx_word' id='word_1_126' title='bbox 1170 2118 1184 2140; x_wconf 88' lang='lat'>‚</span> <span class='ocrx_word' id='word_1_127' title='bbox 1217 2086 1391 2131; x_wconf 88' lang='lat' dir='ltr'><strong>suadere</strong></span> <span class='ocrx_word' id='word_1_128' title='bbox 1410 2121 1423 2141; x_wconf 91' lang='lat'>‚</span> 
     </span>
     <span class='ocr_line' id='line_1_19' title="bbox 135 2187 1427 2257; baseline 0.005 -26"><span class='ocrx_word' id='word_1_129' title='bbox 135 2203 300 2250; x_wconf 81' lang='lat' dir='ltr'><strong>urgere.</strong></span> <span class='ocrx_word' id='word_1_130' title='bbox 363 2190 511 2251; x_wconf 87' lang='lat' dir='ltr'><strong>Neque</strong></span> <span class='ocrx_word' id='word_1_131' title='bbox 539 2190 705 2236; x_wconf 87' lang='lat' dir='ltr'><strong>frustra.</strong></span> <span class='ocrx_word' id='word_1_132' title='bbox 775 2187 993 2257; x_wconf 62' lang='lat' dir='ltr'><strong>Corinthii&gt;</strong></span> <span class='ocrx_word' id='word_1_133' title='bbox 1025 2189 1140 2235; x_wconf 85' lang='lat' dir='ltr'><strong>enim</strong></span> <span class='ocrx_word' id='word_1_134' title='bbox 1158 2225 1169 2245; x_wconf 93' lang='lat'>‚</span> <span class='ocrx_word' id='word_1_135' title='bbox 1201 2190 1315 2237; x_wconf 85' lang='lat' dir='ltr'><strong>illius</strong></span> <span class='ocrx_word' id='word_1_136' title='bbox 1341 2207 1427 2237; x_wconf 87' lang='lat' dir='ltr'><strong>ser·</strong></span> 
     </span>
     <span class='ocr_line' id='line_1_20' title="bbox 133 2291 1426 2356; baseline 0.004 -21"><span class='ocrx_word' id='word_1_137' title='bbox 133 2293 330 2339; x_wconf 86' lang='lat' dir='ltr'><strong>monibus</strong></span> <span class='ocrx_word' id='word_1_138' title='bbox 358 2292 461 2339; x_wconf 84' lang='lat' dir='ltr'><strong>victi</strong></span> <span class='ocrx_word' id='word_1_139' title='bbox 473 2327 486 2349; x_wconf 93' lang='lat'><strong><em>,</em></strong></span> <span class='ocrx_word' id='word_1_140' title='bbox 520 2292 735 2340; x_wconf 82' lang='lat' dir='ltr'><strong>civitatem</strong></span> <span class='ocrx_word' id='word_1_141' title='bbox 764 2291 946 2339; x_wconf 82' lang='lat' dir='ltr'><strong>Achaeis</strong></span> <span class='ocrx_word' id='word_1_142' title='bbox 974 2309 1091 2339; x_wconf 88' lang='lat' dir='ltr'><strong>suam</strong></span> <span class='ocrx_word' id='word_1_143' title='bbox 1117 2293 1426 2356; x_wconf 80' lang='lat' dir='ltr'><strong>adjunxerunt,</strong></span> 
     </span>
     <span class='ocr_line' id='line_1_21' title="bbox 137 2399 1426 2462; baseline 0.006 -22"><span class='ocrx_word' id='word_1_144' title='bbox 137 2404 180 2440; x_wconf 87' lang='lat' dir='ltr'><strong>et</strong></span> <span class='ocrx_word' id='word_1_145' title='bbox 219 2405 323 2442; x_wconf 89' lang='lat' dir='ltr'><strong>tunc</strong></span> <span class='ocrx_word' id='word_1_146' title='bbox 362 2399 548 2458; x_wconf 89' lang='lat' dir='ltr'><strong>primum</strong></span> <span class='ocrx_word' id='word_1_147' title='bbox 566 2434 579 2455; x_wconf 92' lang='lat'>,</span> <span class='ocrx_word' id='word_1_148' title='bbox 623 2417 648 2444; x_wconf 95' lang='lat' dir='ltr'><strong>a</strong></span> <span class='ocrx_word' id='word_1_149' title='bbox 682 2399 873 2461; x_wconf 86' lang='lat' dir='ltr'><strong>Philippi</strong></span> <span class='ocrx_word' id='word_1_150' title='bbox 911 2399 1012 2445; x_wconf 84' lang='lat' dir='ltr'><strong>inde</strong></span> <span class='ocrx_word' id='word_1_151' title='bbox 1032 2409 1168 2446; x_wconf 84' lang='lat' dir='ltr'><strong>aetate</strong></span> <span class='ocrx_word' id='word_1_152' title='bbox 1187 2435 1200 2456; x_wconf 92' lang='lat'>,</span> <span class='ocrx_word' id='word_1_153' title='bbox 1232 2402 1297 2445; x_wconf 92' lang='lat' dir='ltr'><strong>sui</strong></span> <span class='ocrx_word' id='word_1_154' title='bbox 1315 2402 1426 2462; x_wconf 89' lang='lat' dir='ltr'><strong>juris</strong></span> 
     </span>
     <span class='ocr_line' id='line_1_22' title="bbox 136 2474 1427 2567; baseline 0.005 -23"><span class='ocrx_word' id='word_1_155' title='bbox 136 2499 262 2553; x_wconf 87' lang='lat' dir='ltr'><strong>facti,</strong></span> <span class='ocrx_word' id='word_1_156' title='bbox 295 2509 514 2565; x_wconf 88' lang='lat' dir='ltr'><strong>portarum</strong></span> <span class='ocrx_word' id='word_1_157' title='bbox 543 2474 677 2550; x_wconf 81' lang='lat' dir='ltr'><strong>claves</strong></span> <span class='ocrx_word' id='word_1_158' title='bbox 700 2512 972 2567; x_wconf 88' lang='lat' dir='ltr'><strong>receperunt.</strong></span> <span class='ocrx_word' id='word_1_159' title='bbox 1036 2506 1149 2550; x_wconf 89' lang='lat' dir='ltr'><strong>Hinc</strong></span> <span class='ocrx_word' id='word_1_160' title='bbox 1163 2507 1305 2552; x_wconf 86' lang='lat' dir='ltr'><strong>statim</strong></span> <span class='ocrx_word' id='word_1_161' title='bbox 1320 2507 1427 2553; x_wconf 85' lang='lat' dir='ltr'><strong>Ara-</strong></span> 
     </span>
    </p>
   </div>
   <div class='ocr_carea' id='block_1_3' title="bbox 133 2604 1420 2755">
    <p class='ocr_par' dir='ltr' id='par_1_3' title="bbox 133 2604 1420 2755">
     <span class='ocr_line' id='line_1_23' title="bbox 133 2604 1420 2671; baseline 0.002 -22"><span class='ocrx_word' id='word_1_162' title='bbox 133 2614 200 2650; x_wconf 85' lang='lat' dir='ltr'><strong>tus</strong></span> <span class='ocrx_word' id='word_1_163' title='bbox 239 2605 383 2650; x_wconf 88' lang='lat' dir='ltr'><strong>fanum</strong></span> <span class='ocrx_word' id='word_1_164' title='bbox 411 2604 587 2650; x_wconf 86' lang='lat' dir='ltr'><strong>Iunonis</strong></span> <span class='ocrx_word' id='word_1_165' title='bbox 611 2616 653 2650; x_wconf 88' lang='lat' dir='ltr'><strong>et</strong></span> <span class='ocrx_word' id='word_1_166' title='bbox 682 2617 855 2668; x_wconf 86' lang='lat' dir='ltr'><strong>portum</strong></span> <span class='ocrx_word' id='word_1_167' title='bbox 895 2607 1140 2654; x_wconf 87' lang='lat' dir='ltr'><strong>Lechaeum</strong></span> <span class='ocrx_word' id='word_1_168' title='bbox 1168 2609 1420 2671; x_wconf 84' lang='lat' dir='ltr'><strong>occupavit,</strong></span> 
     </span>
     <span class='ocr_line' id='line_1_24' title="bbox 1254 2714 1279 2755; baseline 0 0"><span class='ocrx_word' id='word_1_169' title='bbox 1254 2714 1279 2755; x_wconf 90' lang='lat'>4</span> 
     </span>
    </p>
   </div>
  </div>
 </body>
</html>
