1630 3217
793 301 876 342 180

188 441 313 487 licem
359 443 515 487 exitum
557 440 764 502 perducto
786 476 798 495 ‚
847 442 1164 487 commodorum
1206 457 1372 487 suorum
1402 443 1483 486 rite

189 559 379 600 memor,
428 546 471 590 in
511 560 559 589 eo
606 544 889 590 intentissima
927 547 1025 595 cura
1051 545 1192 590 suisset
1225 553 1477 607 occupatuS,

190 660 267 705 ut,
301 652 550 696 concordiae
578 649 805 694 vinculum
834 650 941 693 inter
971 649 1157 695 civitates
1187 648 1366 694 Graecas
1382 662 1480 691 arc-

189 754 271 797 tius
301 753 600 813 adstringendo
617 785 630 805 ,
664 752 992 796 munitissimum
1034 752 1113 795 sibi
1144 759 1286 795 contra
1312 751 1481 794 hostiles

190 856 373 917 impetus
391 889 403 909 ,
452 856 504 899 ab
545 854 777 901 Occidente
804 855 1097 910 imminentes,
1131 864 1296 917 pararet
1324 855 1479 916 praesi-

184 956 334 1002 dium:
370 964 516 1001 contra
535 990 545 1009 ,
573 956 882 1009 dissensionum,
898 957 1211 1017 *turbarumque
1229 958 1418 1001 civilium
1434 957 1475 999 in

189 1059 365 1104 Graecia
390 1060 548 1103 semina
578 1069 621 1104 et
649 1060 928 1120 dispergendo
954 1060 1207 1105 et‘fovendo
1226 1093 1237 1113 ,
1255 1074 1359 1120 quos
1374 1075 1479 1103 con-

187 1162 333 1206 ciliare
361 1164 441 1215 sibi
472 1163 588 1208 omni
612 1179 693 1224 ope
721 1163 869 1207 debuit
887 1197 901 1217 ,
935 1163 1057 1205 variis
1083 1162 1259 1206 afflictos
1289 1163 1478 1206 vexatio—

187 1265 312 1309 nibus
354 1283 378 1310 a
416 1267 498 1311 suis
527 1267 718 1327 partibus
745 1266 986 1333 alienavit.-
1024 1264 1120 1309 Huc
1159 1265 1337 1308 maxime
1381 1277 1478 1323 per-

189 1368 328 1412 tinere
366 1368 588 1421 videntur,
634 1383 742 1428 quae
782 1368 994 1412 Messenae
1035 1366 1187 1409 deinde
1225 1374 1335 1426 gesta
1366 1374 1475 1410 sunt.

185 1468 236 1512 In
280 1468 360 1513 hac
401 1470 517 1513 enim
546 1468 651 1514 urbe
676 1503 689 1523 ,
720 1469 882 1513 foederi
926 1484 1097 1528 quoque
1132 1471 1347 1514 communi
1395 1470 1477 1512 ad-

187 1570 289 1614 scita
308 1605 320 1625 ,
355 1586 487 1632 quum
515 1578 655 1617 coo'rta
680 1581 784 1619 esset
813 1572 965 1618 seditio
1005 1574 1056 1618 ad
1094 1590 1272 1635 eamque
1302 1589 1481 1634 compo—

186 1674 369 1719 nendam
408 1676 551 1735 paullo
591 1677 721 1721 serius
759 1678 989 1722 advenisset
1033 1679 1184 1723 Aratus
1204 1710 1217 1731 ‚
1261 1677 1479 1738 Philippus

184 1793 270 1821 non
308 1779 452 1821 sedare
489 1779 713 1824 hominum
754 1790 944 1832 mentes,
990 1797 1074 1824 non
1119 1782 1253 1824 studia
1294 1782 1478 1840 partium

184 1883 444 1943 restinguere
461 1918 473 1937 ‚
524 1884 595 1928 sed
636 1899 877 1944 exasperare
911 1884 1199 1928 vehementius
1227 1893 1355 1944 atque
1383 1885 1479 1927 irri-

184 1994 272 2030 tare
300 1986 346 2030 in
372 2002 414 2031 se
438 1986 619 2032 invicem
650 1986 806 2031 incolas
829 1985 1005 2031 studuit.
1070 1986 1183 2031 Hinc
1196 2002 1370 2046 magnae
1385 1995 1475 2031 tur-

185 2090 264 2134 bae
311 2088 555 2150 caedesque.
635 2088 787 2133 Aratus
805 2120 817 2142 ‚
857 2089 949 2148 jam
987 2086 1284 2149 superveniens
1301 2120 1313 2142 ,
1347 2062 1474 2148 quam

184 2193 335 2237 acerbe
361 2192 467 2238 haec
489 2194 633 2237 omnia
661 2193 821 2246 ferret,
870 2207 1139 2253 nequaquam
1167 2190 1442 2237 dissimulavit
1460 2224 1473 2244 ,

185 2309 325 2355 neque
348 2295 426 2338 filii
454 2296 516 2338 sui
536 2329 547 2348 ,
575 2295 727 2339 acriter
759 2296 803 2339 in
827 2310 970 2353 regem
1000 2294 1236 2338 invehentis
1253 2294 1472 2338 conviciis-

187 2411 270 2458 que
295 2412 393 2441 eum
422 2398 605 2457 petentis
624 2433 635 2451 ,
669 2400 875 2459 impetum
904 2398 1097 2444 cohibuit
1137 2399 1189 2446 ¹).
1223 2399 1443 2460 Philippus
1461 2434 1472 2453 ,

234 2560 264 2591 ¹)
314 2561 367 2595 De
405 2563 499 2608 turpi
524 2564 809 2606 necessitudine,
836 2577 924 2611 quae
960 2565 1127 2611 Philippo
1166 2578 1243 2601 cum
1274 2565 1375 2601 Arati
1403 2563 1475 2599 filio

182 2626 399 2665 intercedere
425 2628 632 2667 tradebatur
654 2631 732 2669 vide
754 2631 848 2670 Plut.
875 2629 913 2668 in
942 2633 1015 2669 Wt.
1040 2646 1070 2669 c.
1095 2633 1141 2668 L.
