1630 3217
794 313 854 357 23

181 464 349 518 tamque
374 455 672 517 periculosum,
690 462 898 514 quantum
926 454 1117 513 Sicyonis
1132 463 1237 500 esset
1250 469 1463 516 expugna-

179 562 237 607 tio
252 595 265 614 ,
295 561 496 620 juvenem
512 557 633 602 illum
654 572 941 619 aggressurum
955 557 1133 602 minime
1158 558 1402 611 metuebat,
1424 569 1467 605 at

177 680 275 709 vero
305 664 514 724 colloquia
542 664 664 708 illum
690 663 750 707 de
770 664 907 729 patria
938 662 1156 707 liberanda
1182 662 1337 723 agitare
1363 677 1460 707 cum

175 765 446 814 Macedoniae
471 783 567 829 rege
594 777 722 828 atque
754 768 937 829 Aegypti
962 784 1048 813 non
1076 775 1235 813 temere
1272 740 1461 829 suspica-

177 873 317 919 batur.
379 871 436 916 Hi
460 873 574 917 enim
595 873 808 932 amicitiae
828 875 998 919 fuerant
1023 873 1284 934 hospitiique
1313 873 1461 918 vincu-

179 977 228 1022 lis
244 992 343 1023 cum
356 979 476 1023 Arati
500 988 620 1039 patre
646 980 886 1040 conjuncti,
912 978 1159 1039 nullamque
1180 978 1305 1024 facile
1330 978 1464 1039 negli-

180 1098 276 1142 gere
291 1084 477 1127 solebant
493 1084 868 1144 opportunitatem,
886 1097 969 1143 qua
983 1081 1072 1125 vim
1080 1096 1198 1124 suam
1205 1082 1251 1124 in
1261 1095 1326 1124 res
1335 1080 1465 1126 Grae-

179 1188 268 1231 ciae
298 1202 483 1231 exserere
511 1193 694 1246 possent.
758 1184 814 1227 Et
843 1197 942 1227 vero
961 1217 972 1237 ,
1007 1190 1177 1227 auctore
1206 1181 1429 1227 Plutarcho
1452 1216 1465 1235 ‚

114 1310 118 1313 >
182 1290 263 1332 hac
289 1290 355 1332 via
381 1304 468 1332 rem
490 1288 660 1349 aggredi
702 1288 961 1332 instituerat:
996 1286 1068 1330 sed
1095 1301 1193 1331 cum
1215 1295 1257 1329 et
1281 1286 1464 1345 Antigo-

181 1407 258 1435 nus
277 1424 289 1445 ,
321 1392 454 1437 multa
477 1390 691 1452 pollicitus
707 1425 718 1444 ‚
749 1389 900 1452 agendi
917 1388 1179 1434 occasionem
1195 1388 1410 1433 omitteret
1422 1397 1465 1432 et

179 1493 466 1548 Ptolemaeus,
494 1493 605 1558 unde
631 1494 721 1554 spei
746 1493 1021 1555 aliquid-erat
1037 1528 1049 1547 ,
1084 1494 1246 1554 longius
1273 1494 1461 1547 abesset,

180 1596 262 1640 suis
300 1597 390 1657 ipse
427 1596 584 1641 viribus
622 1597 752 1649 fretus
778 1612 954 1658 remque
981 1612 1032 1641 eo
1058 1598 1141 1641 sibi
1174 1597 1460 1657 gloriosiorem

174 1700 264 1743 fore
285 1707 484 1760 reputans
499 1733 512 1753 ,
546 1715 629 1760 quo
656 1699 806 1762 altiora
825 1700 879 1743 de
907 1715 948 1743 se
964 1714 1047 1743 uno
1061 1709 1287 1760 sperasset,
1305 1709 1353 1745 ut
1368 1700 1458 1760 ipse

183 1818 260 1863 per
304 1819 391 1848 sese
429 1812 655 1868 tyrannum
696 1812 927 1857 everteret,
961 1804 1101 1849 omnia
1122 1804 1277 1849 audere
1304 1806 1465 1862 statuit.

180 1909 232 1954 In
274 1907 353 1952 hac
379 1917 519 1953 autem
537 1908 704 1968 juvenis
721 1943 733 1963 ,
762 1902 977 1970 praeclara
999 1911 1145 1970 omnia·
1174 1912 1366 1971 quamvis
1391 1927 1464 1955 ar-

188 2011 271 2062 dua
318 2011 579 2072 appetentis,
614 2010 787 2055 audacia
803 2045 814 2064 ,
847 2011 1011 2077 mirum*
1033 2021 1189 2072 quanta
1214 2011 1468 2074 eluceat-so-

186 2114 305 2158 lertia
323 2148 333 2166 ‚
369 2129 495 2174 quam
525 2114 693 2159 firmum
715 2114 924 2175 nullisque
951 2116 1174 2160 obstaculis
1205 2117 1354 2163 cedens
1366 2135 1469 2163 con-

187 2220 343 2266 silium.
424 2218 532 2264 Cum
572 2218 727 2264 Ecdelo
766 2221 952 2280 primum
1010 2230 1137 2283 atque
1180 2222 1471 2269 Aristomacho

189 2324 450 2383 propositum
495 2339 616 2368 suum
655 2327 940 2372 communicat:
985 2325 1038 2372 ¹).
1117 2326 1200 2372 Hic
1232 2344 1256 2373 e
1288 2328 1471 2388 Sicyone

239 2519 271 2553 1)
319 2509 374 2545 Ita
399 2511 624 2549 Plutarchus.
676 2512 845 2560 Polybius
873 2513 914 2549 X.
940 2516 999 2550 25.
1048 2514 1238 2551 Ecdemum
1278 2524 1314 2552 et
1335 2515 1471 2554 Demo-

195 2578 344 2625 phanem
380 2578 698 2627 Megalopolitanos
713 2608 722 2624 ,
747 2582 785 2619 in
811 2584 997 2621 evertendo
1024 2584 1269 2632 Sicyoniorum
1294 2595 1439 2635 tyranno
1456 2611 1465 2628 ‚

193 2648 339 2684 Aratum
364 2661 469 2694 opera
494 2661 556 2685 sua
582 2650 759 2696 adjuvisse
783 2653 907 2690 tradit.
