1630 3217
801 284 827 323 5

171 421 308 467 ,iicet
350 421 572 468 hominum
612 422 853 466 societatem
894 424 938 466 in
979 438 1061 484 qua
1083 425 1190 483 juris
1215 424 1446 482 aequabili-2

167 535 263 569 »tas
281 558 294 576 ,
358 525 528 569 libertas
583 523 788 584 loquendi
830 532 955 586 atque
1002 526 1192 570 universe
1231 527 1450 587 popularis.

166 643 299 673 »vere
329 639 457 675 status
483 629 613 690 magis
639 626 798 690 vigeat,
816 639 887 675 aut
902 631 1185 682 institutasint
1197 631 1417 676 sinceriora
1436 665 1450 683 ,

164 749 327 794 »quam
353 733 465 795 apud
495 732 684 778 Achaeos
715 735 811 790 ¹).''*

224 838 316 882 Duo
345 839 467 881 nobis
498 849 656 883 servata
687 848 782 883 sunt
800 840 1003 899 ‚exempla
1033 841 1215 883 maxime
1239 854 1446 883 memora-=

163 943 265 987 bilia
284 977 296 997 ,
331 960 354 987 e
387 944 541 1004 quibus
562 952 680 1005 patet
699 979 709 999 ,
729 953 884 1005 quanta
894 943 1085 1003 justitiae
1113 953 1154 988 et
1170 942 1391 1003 aequitatis
1404 943 1447 986 in

163 1046 490 1092 administranda
514 1047 738 1107 republica.
757 1046 907 1100 laude,
936 1047 1070 1094 multo
1094 1048 1184 1106 jam
1199 1057 1296 1092 ante
1309 1048 1449 1093 Mace-

160 1149 317 1194 donum
345 1159 509 1195 auctam
542 1157 810 1210 potestatem‚
838 1149 997 1195 Achaei
1027 1150 1262 1196 floruerint.
1339 1152 1447 1198 Nam

159 1255 200 1296 in
243 1253 365 1300 Italia
407 1268 524 1313 quae.
555 1253 705 1297 Graeci
747 1253 928 1297 nominis
958 1253 1144 1298 civitates
1168 1261 1317 1306 erant,
1352 1267 1447 1296 cum

158 1358 273 1402 domi
300 1374 364 1402 res
394 1327 664 1402 vehementer
695 1361 882 1402 turbatas
911 1355 1114 1400 haberent
1144 1364 1186 1399 et
1208 1355 1449 1399 crudelibus

162 1465 270 1510 odiis
298 1465 506 1510 intestinis
536 1472 631 1525 post
661 1463 806 1509 caedes
833 1462 975 1507 civiles
991 1461 1259 1513 laborarent,
1293 1475 1341 1503 ex
1360 1474 1449 1503 om-

157 1566 201 1609 ni
226 1566 482 1627 populorum
509 1566 764 1611 Graecorum
793 1580 970 1609 numero
991 1599 1000 1618 ,
1036 1564 1189 1608 horum
1204 1563 1330 1606 unice
1346 1578 1447 1606 auc-

157 1669 369 1713 toritatem
416 1679 458 1714 et
499 1671 670 1716 consilia
712 1681 911 1723 secutae,
945 1671 1212 1716 concordiam
1241 1670 1449 1713 instaura-

153 1781 281 1826 runt,
316 1768 484 1818 etrero
503 1783 605 1834 *post
635 1774 797 1837 aliquot
824 1790 952 1819 annos
981 1774 1032 1818 ad
1060 1789 1207 1819 eorum
1233 1773 1446 1833 exemplar

154 1874 412 1935 respublicas
442 1886 784 1937 composuerunt.
820 1877 916 1924 Post
931 1893 1117 1938 pugnam
1142 1892 1312 1939 quoque
1338 1878 1449 1939 apud

159 1978 415 2023 Mantineam
452 1978 491 2025 2)
511 2012 522 2032 ,
558 1978 812 2024 Graecorum
838 1983 1029 2023 omnium
1049 1981 1199 2024 animis
1224 1980 1451 2024 vehemen-

154 2092 220 2126 ter
250 2083 462 2137 attonitis,
494 2097 590 2127 cum
621 2091 662 2126 et
692 2082 881 2127 Thebani
907 2090 952 2126 et=
978 2082 1301 2129 Lacedaemonii
1313 2083 1448 2126 victo-

152 2188 257 2231 riam
276 2188 356 2231 sibi
373 2190 607 2232 tribuerent
625 2222 635 2241 ,
666 2188 838 2247 utrique
854 2187 1116 2231 Achaeorum
1131 2185 1314 2230 arbitrio
1329 2186 1450 2230 litem

118 2294 266 2337 “iilam
298 2294 606 2347 submiserunt,
640 2308 725 2336 non
752 2293 865 2353 quod
895 2292 1045 2351 opibus
1060 2290 1123 2335 illi
1139 2291 1425 2351 praevalerent
1438 2328 1456 2348 ,-

154 2396 290 2454 (erant
317 2399 430 2443 enim
457 2414 601 2444 eorum
632 2409 733 2444 tunc
766 2399 952 2445 civitates
973 2434 983 2453 ,
1018 2408 1063 2444 ut
1080 2398 1277 2459 Polybius
1302 2395 1358 2442 ait
1377 2433 1388 2452 ,
1406 2397 1450 2441 in

203 2569 231 2601 1)
274 2558 451 2606 'Polybius
477 2563 528 2599 11.
555 2565 613 2599 38.

202 2636 232 2668 Ω)
282 2627 335 2664 Cf.
363 2629 662 2677 Schweigh'auseri
691 2634 800 2671 Nota.
