1630 3217
803 305 830 351 3

225 450 314 493 Hac
356 462 496 492 rerum
540 446 787 489 conditione
815 453 1052 489 constanter
1085 445 1180 488 satis
1204 453 1246 487 et
1272 445 1448 489 feliciter

167 552 227 594 usi
257 550 443 594 fuerunt.
508 548 659 609 Neque
691 549 805 592 enim
823 582 835 600 ,
879 557 1049 593 auctore
1077 548 1281 592 Pausania
1300 583 1311 602 ,
1349 548 1452 591 belli

163 664 301 709 neque
323 649 451 710 pestis
476 649 745 710 calamitates
763 659 929 697 tantum
952 652 1064 713 apud
1089 652 1205 705 illos,
1246 662 1449 713 quantum

164 755 208 798 in
235 753 330 798 aliis
356 754 556 800 Graeciae
582 755 775 818 partibus
795 789 807 809 ,
834 756 1125 817 grassabantur
1163 753 1218 801 ²).

226 857 367 902 Divisa
417 874 467 902 eo
521 867 711 921 tempore
769 858 930 923 Achata
987 868 1075 903 erat
1124 858 1168 901 in
1226 856 1449 900 duodecim

166 962 306 1012 πόλεις
334 977 368 1007 s,
398 963 532 1019 μέρη,
578 975 757 1020 quorum
796 973 987 1020 quaeque
1024 973 1164 1001 rursus
1206 959 1249 1000 in
1288 967 1450 1017 septem

163 1073 234 1109 aut
263 1074 358 1110 octo
397 1066 549 1122 δήμους
577 1064 801 1109 distributa
831 1072 935 1107 erat.
1000 1062 1153 1121 Neque
1186 1070 1330 1105 tamen
1356 1078 1450 1107 eae-

163 1170 259 1214 dem
286 1171 476 1215 civitates
504 1184 669 1228 semper
700 1183 749 1212 eo
786 1169 830 1210 in
867 1181 1045 1211 numero
1069 1167 1300 1213 recensitae
1321 1176 1416 1211 sunt
1437 1202 1447 1220 ,

162 1272 254 1316 aliis
280 1269 399 1316 clade
430 1271 580 1331 aliqua,
599 1270 748 1315 deletis
767 1305 779 1323 ‚
812 1270 903 1333 aliis
930 1270 1099 1334 illarum
1123 1270 1217 1316 loco
1245 1270 1289 1312 in
1310 1269 1448 1314 Acha-

159 1381 272 1420 ‘1'cam
310 1376 553 1420 societatem
594 1377 792 1437 receptis.
855 1376 1094 1423 Herodotus
1128 1376 1233 1420 haec
1276 1353 1447 1419 nemina

162 1481 383 1525 civitatum
412 1479 576 1524 edidit:
625 1481 855 1535 Pellenen,
905 1483 1102 1541 Aegiram
1122 1516 1133 1536 ‚
1170 1485 1325 1542 AegaS,
1359 1481 1445 1524 Bu-

160 1596 292 1635 ram,f-
321 1581 502 1626 Helicen
520 1615 533 1636 ‚
580 1584 759 1645 Aegium
777 1619 789 1638 ,
814 1585 1019 1646 Rhypes,
1052 1587 1223 1647 Patras,
1256 1585 1411 1630 Pharas
1431 1620 1444 1639 ‚

159 1686 368 1743 Olenum,
404 1687 567 1753 Dymen
587 1722 599 1742 ,
633 1689 874 1743 Tritaeam3
919 1693 1098 1742 Ταῦτα,
1132 1689 1299 1749 inquit,
1334 1689 1447 1732 δυώ-

159 1790 261 1834 δεκα
280 1790 406 1848 μέρεα
423 1795 500 1836 νῦν
549 1792 735 1849 Ἀχαιῶν
753 1794 840 1845 ,ἐςὶ,
864 1794 934 1835 καὶ
955 1795 1047 1835 τότε
1072 1808 1122 1852 γιεΔ
1146 1791 1309 1836 Ἰώνων
1325 1787 1376 1844 ἦν
1393 1803 1449 1848 2).

153 1951 229 1988 loco
246 1938 270 1994 ‚⁴
294 1952 511 1988 contrarium
547 1965 616 1987 non
653 1952 759 1986 dubie
784 1953 900 1987 evinci
923 1961 1054 2008 petest.
1105 1952 1161 1988 Cf.
1190 1953 1264 1999 inp.
1290 1953 1340 1987 ΙΙ.
1367 1955 1410 1988 41
1431 1976 1441 1992 ,

155 2022 215 2057 42.
262 2020 388 2056 Strabo
411 2020 516 2056 VIII.
543 2020 578 2055 7.
627 2019 773 2055 Rectius
810 2019 971 2055 Mitford·
993 2021 1146 2067 History
1171 2022 1213 2066 of
1236 2021 1364 2056 Greece
1389 2023 1442 2058 ch.

152 2089 218 2124 lV.
245 2090 298 2124 »A
320 2088 456 2124 federal
480 2088 589 2124 union
615 2101 681 2123 was
702 2088 888 2134 preserved
912 2100 1039 2134 among
1060 2089 1176 2131 them,
1205 2089 1268 2125 but
1288 2098 1346 2126 too
1369 2091 1441 2125 im-

153 2160 312 2206 »perfect
336 2158 392 2194 for
413 2158 547 2194 Achaia
568 2165 603 2193 to
623 2153 706 2193 take
727 2169 796 2204 any
823 2157 1023 2204 important
1043 2156 1146 2193 share
1162 2157 1200 2193 in
1224 2157 1286 2193 the
1314 2157 1443 2205 politi-

156 2227 236 2263 »cal
256 2227 377 2263 affairs
403 2227 444 2263 of
464 2227 643 2264 Greeee.’'

207 2308 238 2340 1)
286 2297 395 2340 Paus.
419 2297 512 2332 Aah.
539 2298 573 2332 7.
599 2317 646 2323 —
669 2296 767 2332 Idem
809 2295 989 2349 affirmat,
1016 2296 1238 2333 Achaeorum
1260 2297 1447 2338 civitates,

153 2366 222 2400 una
247 2365 392 2402 Pellene
420 2365 582 2412 excepta,
622 2377 685 2411 per
709 2376 811 2399 omne
845 2372 982 2411 tempus
1017 2372 1249 2411 tyrannorum
1284 2374 1447 2412 expertes

154 2435 339 2471 mansisse.
386 2434 519 2471 Merito
547 2442 666 2470 tamen
687 2433 945 2481 reprehendere
986 2448 1065 2471 eum
1099 2426 1240 2472 vide‘tur
1260 2434 1418 2482 Helwing
1437 2461 1445 2476 ,

158 2503 353 2539 Gcschichte
391 2506 450 2540 des
486 2505 705 2541 Achiz'ischen
740 2505 885 2539 Bundes
916 2516 1007 2549 pag.
1045 2505 1138 2544 225,
1178 2502 1367 2550 Polybium
1394 2502 1444 2537 ΙΙ.

157 2575 218 2607 41.
243 2579 368 2606 testem
391 2573 520 2607 citans.
569 2583 571 2588 ’

204 2644 237 2677 2)
287 2639 327 2674 L.
352 2638 383 2673 I.
409 2651 440 2674 c.
469 2640 551 2674 145.
575 2638 797 2675 Herodotum
825 2640 935 2676 etiam
961 2640 1088 2676 Strabo
1128 2642 1301 2687 sequitur.
1345 2638 1446 2685 Apud

1235 2713 1298 2753 1.
