1630 3217
793 309 851 352 76

182 461 317 508 aetas,
358 469 382 498 a
417 451 540 499 rebus
566 452 689 515 gestis
716 452 835 499 Arati
863 467 953 499 non
976 451 1105 500 nimis
1128 456 1313 512 remota,
1336 452 1467 515 quin,

177 558 348 604 aliunde
389 559 591 615 edoctus,
640 567 834 605 accurate
863 558 1077 619 permulta
1121 560 1342 606 reseiseere
1382 575 1467 623 po·-

175 664 337 719 tuerit,
367 672 411 710 et
441 664 623 725 ingenua
650 665 740 725 ejus
753 698 766 719 ,
795 658 989 725 plurimis
1016 663 1272 726 scriptorum
1299 678 1468 711 suorum

177 769 282 813 locis
297 802 310 823 ,
337 769 541 830 professio
559 803 572 824 ,
601 767 719 814 nullo
749 785 793 815 se
810 802 823 824 ‚
850 770 931 814 nisi
958 768 1047 814 veri
1069 767 1210 813 studio
1229 802 1244 824 ‚
1272 767 1397 823 duci,
1427 776 1470 812 et

177 871 400 917 Plutarchi
421 873 537 918 locus
552 907 565 927 ,
591 873 636 917 in
651 873 737 918 vita
753 872 874 917 Arati
890 887 929 919 c.
948 873 1193 920 XXXVIII.
1209 872 1286 917 ubi
1300 907 1314 929 ,
1340 872 1470 934 hujus

115 968 121 973 ⁴
178 983 222 1020 et
245 976 413 1035 Polybii
439 976 702 1037 distinguens
724 975 883 1026 ,tradita
902 1011 914 1030 ,
947 977 1152 1035 majorem
1182 975 1361 1035 Polybio
1384 976 1467 1020 tri-

173 1080 311 1124 buere
338 1080 634 1127 auctoritatem
662 1081 844 1129 videtur.
911 1082 1124 1141 Quatenus
1164 1090 1321 1127 autem·
1349 1082 1475 1144 hujus

177 1198 349 1246 quoque
379 1186 561 1231 auctoris
589 1186 823 1246 gravissimi
867 1186 982 1231 dicta
1020 1187 1066 1231 in
1109 1185 1316 1231 dubium*
1331 1186 1472 1232 vocari

177 1287 369 1348 possint,
399 1288 512 1332 infra
536 1287 818 1334 indicandum
848 1289 946 1335 erit.

236 1390 426 1450 Scripta.
447 1391 578 1450 igitur
618 1391 789 1436 laudata
828 1391 1057 1437 Plutarcho
1100 1408 1271 1455 quoque
1308 1400 1473 1454 praesto

178 1496 346 1552 semper
360 1493 512 1547 fuisse,
541 1502 632 1538 tum
662 1510 712 1538 ex
738 1494 847 1547 hoc,
877 1505 967 1539 tum
995 1511 1044 1539 ex
1072 1495 1171 1541 aliis
1195 1498 1349 1556 passim
1372 1497 1474 1541 locis

175 1597 383 1646 videmus.
450 1597 592 1642 Itadin
618 1595 674 1644 V.
697 1596 818 1643 Arati
844 1612 882 1643 c.
909 1596 993 1643 III.
1021 1598 1351 1644 commentarios
1378 1614 1478 1643 eum

177 1703 398 1765 reliquisse
441 1703 501 1748 ait
539 1703 677 1747 obiter
718 1702 986 1763 raptimque,
1033 1702 1225 1763 neglecta
1256 1701 1478 1757 oratione,

178 1808 470 1871 conscriptos:
523 1809 808 1864 ὑπομνήματα
835 1808 865 1850 ἃ
896 1807 1131 1866 (παρέργως
1161 1808 1239 1850 καῖ
1258 1807 1482 1865 ὑπ’ὸιχεῒρα

177 1912 252 1957 διὰ
282 1913 371 1958 τῶν
400 1913 689 1970 ἐπιτυχόντων
719 1910 938 1967 ὀνομάτων
971 1908 1324 1966 ἁμιλλησάμενος)
1354 1909 1483 1953 κατέ-

177 2014 315 2060 λιπεν.
350 2012 400 2060 C.
436 2013 619 2060 XXXII.
648 2029 672 2057 a
699 2012 963 2074 superstiosis
988 1997 1085 2055 illosv
1110 2026 1258 2054 vacare
1283 2012 1481 2085 affirmat·

179 2113 230 2161 C.
255 2115 505 2162 XXXVIII.
533 2114 784 2176 perstringit
808 2112 990 2157 Aratum
1016 2112 1070 2156 ob
1094 2112 1306 2168 convicia,
1331 2113 1487 2175 quibus

177 2235 292 2280 reges
307 2220 373 2263 sui
387 2219 620 2280 temporis,
655 2218 922 2279 Antigonum
953 2217 1163 2262 Gonatam
1191 2234 1230 2264 v.
1265 2233 1331 2272 c.,
1365 2216 1483 2261 lace-

176 2332 359 2368 raverat.
424 2324 476 2400 Iri
508 2324 630 2368 Arati
656 2332 876 2368 caeterum
904 2322 989 2366 vita
1018 2339 1151 2384 quum
1184 2323 1313 2384 plura
1341 2322 1484 2389 legan-

180 2435 248 2471 tur
267 2461 278 2481 ‚
313 2442 422 2488 quae
438 2461 450 2481 ‚
476 2426 559 2471 nisi
591 2425 664 2471 hic
680 2459 693 2479 ,
728 2442 855 2470 nemo
883 2426 1005 2472 facile
1028 2428 1135 2472 scire
1150 2437 1289 2486 posset
1307 2461 1320 2481 ,
1352 2427 1487 2473 multa

178 2530 457 2587 Plutarchum
497 2531 649 2575 exinde
691 2530 890 2590 petiisse,
937 2532 1004 2577 vel
1045 2533 1219 2577 nomine
1268 2533 1358 2593 ejus
1396 2549 1484 2576 non

180 2651 368 2697 expresso
387 2648 409 2690 ,‘
449 2635 724 2698 perspicuum
756 2644 875 2684 esset.
912 2665 971 2673 —
1004 2635 1055 2683 In
1087 2635 1483 2695 Cleomenis—etiam
