1630 3217
778 294 858 334 131

170 448 261 485 tere
288 438 415 500 plane
443 435 636 479 volumus
666 447 807 493 neque
832 432 1066 492 exprimere
1091 429 1304 475 exactius:
1339 428 1455 489 quod

169 541 249 587 hoc
304 550 473 601 turpem
491 570 506 592 ‚
561 535 670 580 illud
724 535 964 597 propositae
1003 520 1164 578 formae
1206 532 1449 580 dissimilem

167 654 274 690 esset
302 645 547 701 adspectum
574 638 896 700 praebiturum:
948 637 1034 692 ita,
1076 635 1245 696 quando
1266 636 1447 682 difficile

167 755 257 801 est,
303 744 433 789 immo
461 742 586 804 plane
626 739 720 785 fieri
746 739 919 802 nequit,
964 747 1012 783 ut
1045 737 1229 783 hominis
1260 739 1346 784 vita
1372 739 1445 783 in-

168 850 336 910 culpata
362 862 530 909 prorsus
562 855 689 907 atque
727 846 782 890 ab
819 845 934 890 omni
975 851 1098 905 parte
1128 858 1239 904 pura
1274 844 1328 888 sit
1345 876 1357 896 ,
1401 844 1447 886 iu

169 955 220 998 iis
237 987 249 1007 ,
298 969 406 1014 quae
440 951 607 996 laudem
645 957 859 994 merentur
906 956 968 992 est
1004 948 1183 1002 veritas,
1230 955 1449 1008 tamquam

166 1058 398 1103 similitudo
426 1090 439 1111 ,
497 1056 622 1117 plane
677 1053 947 1116 exprimenda
974 1072 986 1109 3
1050 1053 1085 1098 si
1137 1069 1246 1115 quae
1302 1062 1445 1099 autem

168 1161 268 1204 vitia
320 1169 362 1205 et
405 1158 525 1202 naevi
548 1191 564 1213 ‚
619 1173 691 1202 seu
730 1172 779 1201 ex
818 1157 971 1201 affectu
1006 1154 1149 1218 aliquo
1168 1189 1181 1210 ,
1215 1171 1288 1201 seu
1327 1156 1444 1201 civili

167 1261 409 1305 necessitate
446 1261 713 1305 incurrerunt
745 1260 791 1304 in
826 1259 934 1319 ipsas
974 1262 1155 1306 actiones
1171 1295 1184 1315 ,
1234 1230 1446 1305 existima-

167 1381 212 1408 re
261 1366 462 1409 debemus
521 1364 709 1408 defectus
767 1363 908 1425 potius
969 1363 1135 1408 virtutis
1193 1379 1279 1408 esse
1318 1380 1446 1425 quam

167 1469 382 1532 nequitiae
427 1468 529 1514 vitia
568 1478 694 1531 atque
739 1469 835 1514 ideo
873 1485 1143 1531 nequaquam
1179 1469 1312 1514 nimio
1355 1477 1444 1515 stu-

167 1573 239 1616 dio
280 1581 353 1616 aut
397 1588 568 1634 operose
623 1573 668 1616 in
714 1572 887 1618 historia
930 1573 1134 1634 exagitare
1151 1606 1165 1627 ,
1212 1572 1286 1618 sed
1325 1573 1445 1633 quasi

167 1675 329 1735 pudore
348 1709 361 1730 ,
394 1684 586 1719 naturam
616 1675 845 1720 humanam
866 1661 1195 1736 contemplantes
1214 1708 1226 1730 ,
1258 1675 1445 1729 moveri,

170 1794 275 1836 quae
305 1759 470 1823 nullum
488 1779 752 1839 praeclarum
774 1780 992 1840 ingenium
1017 1780 1224 1825 sincerum
1249 1789 1321 1824 aut
1341 1795 1446 1841 per-

168 1880 325 1923 fectum
354 1880 518 1924 virtutis
546 1883 756 1940 exemplar
783 1882 1058 1942 protulerit.’'
1124 1883 1300 1942 Egregie
1335 1898 1444 1941 pro-

170 1982 280 2027 fecto
324 1982 559 2027 consultum
609 1982 738 2028 Arato
793 1984 984 2038 diceres,
1041 1985 1111 2029 cui
1150 1984 1443 2042 hujuscemodi

169 2088 272 2133 lenis
299 2098 340 2134 et
364 2099 604 2136 mansuetus
626 2090 904 2152 perversitatis
930 2090 1136 2136 humanae
1156 2091 1288 2152 judex
1324 2091 1443 2136 obti-

171 2196 305 2254 gerit:
357 2195 453 2251 sed,
497 2196 637 2241 nescio
679 2194 890 2258 quomodo
908 2229 921 2250 ‚
969 2195 1014 2239 in
1042 2193 1116 2240 illo
1143 2202 1286 2240 tamen
1324 2193 1447 2239 Arati

171 2297 355 2343 facinore
398 2300 667 2361 dijudicando
684 2335 697 2356 ‚
744 2300 789 2344 in
817 2298 960 2345 multis
996 2297 1170 2360 quidem
1208 2306 1323 2342 recte
1341 2330 1357 2351 ,
1401 2296 1447 2341 in

170 2398 380 2444 nonnullis
408 2416 504 2446 vero
544 2401 790 2462 processisse
830 2399 972 2461 paullo
1013 2398 1197 2460 iniquius
1238 2399 1443 2444 videatur.

172 2500 271 2559 Ejus
292 2500 420 2560 igitur
444 2505 678 2557 sententia,
712 2505 952 2550 summatim
980 2503 1186 2564 exposita,
1219 2501 1325 2547 haec
1351 2510 1440 2547 est:

177 2606 518 2668 „Turpissimum
551 2608 712 2654 facinus
740 2624 867 2672 seque
896 2611 1105 2672 rebusque
1123 2643 1135 2663 ,
1173 2617 1270 2653 ante
1311 2608 1411 2653 actis
1429 2640 1442 2661 ,

1234 2712 1298 2755 9*
