1630 3217
760 286 843 326 173

167 427 283 471 Arati
301 461 313 482 ,
348 441 471 487 quam
502 425 572 472 ille
605 426 780 486 scriptor
813 426 951 471 adhuc
974 436 1137 472 secutus
1161 435 1249 470 erat
1268 460 1280 481 ,
1314 443 1447 489 nuper

166 533 446 585 conticuerat,
483 547 615 591 quum
648 531 796 574 eodem
826 538 938 573 certe
958 564 969 584 ‚
1008 546 1091 590 quo
1120 539 1161 574 et
1189 531 1448 589 praeclarum

164 652 304 680 rerum
357 637 640 679 Romanarum
697 633 943 691 scriptorem
982 635 1080 692 jure
1112 667 1123 686 ,
1184 633 1446 679 Achaeorum

164 740 402 800 principem
429 748 669 797 temporum
700 749 872 779 suorum
898 736 1061 796 pigeret
1077 736 1346 798 taederetque
1387 741 1443 795 ¹).

168 842 256 900 Ego
286 856 383 884 vero
400 872 411 891 ‚
458 854 566 898 quac
594 839 646 882 ad
675 839 799 899 hujus
827 841 1092 899 potissimum
1123 842 1202 885 viri
1228 857 1293 886 res
1321 852 1450 901 gestas

166 946 336 1005 fataque
364 944 646 1004 cognoscenda
675 944 944 999 conducunt,
978 945 1111 990 missis
1135 945 1308 990 caeteris
1328 979 1339 999 ‚
1372 960 1449 1005 pro

168 1051 360 1096 instituto
389 1066 483 1095 meo
503 1086 516 1105 ‚
549 1050 797 1095 adumbrare
825 1065 1011 1111 pergam.

230 1154 372 1211 Qualis
414 1155 541 1214 igitur
584 1162 824 1214 quantaque
869 1153 922 1196 ad
951 1155 1057 1213 regis
1089 1156 1277 1199 animum
1303 1156 1450 1199 mode-

167 1257 344 1301 randum
372 1258 492 1302 Arati
522 1257 583 1304 vis
616 1258 742 1300 fuerit
761 1290 773 1311 ‚
806 1257 912 1300 haec
943 1257 1157 1301 Plutarchi
1184 1260 1310 1301 verba
1331 1259 1452 1300 lucu-

166 1361 300 1405 lenter
332 1362 575 1406 declarant:
613 1362 745 1405 ἐδόκει
776 1378 819 1404 τε
852 1366 978 1405 πᾶσιν
1010 1365 1034 1403 ὁ
1077 1362 1274 1418 ”Λρατος
1305 1363 1351 1404 οὐ
1378 1365 1455 1416 μό-

167 1483 243 1510 νον
290 1466 572 1523 δημοκρατίας
616 1465 727 1508 ἀλλὰ
767 1467 838 1507 καὶ
883 1463 1099 1521 βασιλείας
1146 1466 1310 1517 ἀγαθὸς
1343 1461 1452 1510 εἶναι

165 1570 442 1625 παιδαγωγός’
475 1574 503 1627 ἦ
533 1570 612 1628 γὰρ
645 1568 878 1627 προαίρεσις
916 1568 1044 1612 αὐτοῦ
1078 1568 1147 1611 καὶ
1181 1570 1227 1611 τὸ
1258 1564 1362 1623 ἦθος
1394 1570 1450 1618 ὡς

166 1675 309 1730 χρῶμα
339 1678 431 1723 ταῖς
464 1673 641 1730 πράξεσι
672 1675 742 1715 τοῦ
759 1671 960 1729 βασιλέως
972 1672 1217 1725 ἐπεφαίνετο
1237 1670 1292 1717 2).
1326 1670 1453 1723 Nam,

167 1774 306 1832 inquit
326 1808 338 1829 ,
382 1775 548 1833 juvenis
593 1789 689 1833 erga
734 1771 1088 1817 Lacedaemonios
1109 1805 1120 1824 ‚
1155 1772 1230 1831 qui
1262 1788 1356 1816 eum
1389 1774 1453 1816 of-

166 1877 384 1920 fenderant
404 1911 414 1929 ,
447 1876 681 1919 moderatio
714 1875 752 1921 ³)
785 1877 957 1934 ejusque
987 1874 1083 1933 erga
1117 1874 1333 1919 Cretenses
1366 1877 1453 1919 hu—

163 1979 338 2023 manitas
388 1972 427 2020 4)
471 1986 595 2038 atque
625 1977 841 2037 expeditio*
862 1978 906 2019 in
933 1977 1127 2031 Aetolos,
1162 1987 1327 2022 strenue
1356 1996 1447 2040 ges-

167 2090 209 2125 ta
247 2087 311 2140 5),
345 2082 702 2143 obtemperantiae
744 2082 910 2126 laudem
938 2084 1163 2144 Philippo,
1199 2087 1451 2146 prudentiae

614 2214 661 2222 m·—

215 2268 247 2299 1)
296 2261 387 2298 Vide
413 2262 619 2298 Sallustium
646 2267 682 2298 in
707 2266 838 2312 Praef.
864 2269 912 2301 ad
934 2269 983 2304 B.
1004 2269 1048 2309 J.

214 2332 247 2369 ς)
297 2331 338 2365 In
365 2331 411 2367 V.
438 2333 501 2368 Ar.
526 2346 555 2368 c.
585 2333 749 2369 XLVIII.

218 2403 250 2436 5)
299 2398 355 2434 Cf.
381 2400 511 2447 Polyb.
535 2402 601 2439 IV.
627 2404 783 2438 22—24.

215 2481 250 2515 4)
297 2468 425 2517 Polyb.
452 2471 536 2507 VII.
564 2475 622 2508 12.

214 2540 247 2573 ὃ)
296 2538 341 2574 V.
367 2541 499 2576 5-14.
523 2540 571 2576 cf.
595 2541 659 2578 IV.
688 2544 746 2585 82,
774 2543 848 2586 uhi,
876 2553 912 2581 et
932 2554 1074 2593 propter
1095 2555 1267 2583 caeteram
1283 2549 1403 2591 vitam,
1420 2558 1457 2586 et

167 2613 310 2655 propter
337 2619 456 2643 rerum
477 2617 653 2655 gestarum
675 2614 952 2659 magnitudinem
968 2641 977 2658 ,
1004 2616 1171 2660 majorem
1198 2632 1300 2665 quam
1324 2632 1385 2667 pro
1396 2634 1458 2656 ae-
