1630 3217
839 305 924 350 174

222 448 351 496 Arato
393 450 575 517 tribuiu
622 449 676 495 Et
717 464 813 494 vero
849 449 1081 508 Polybius,
1117 449 1269 510 quide
1296 451 1424 496 Arato
1451 448 1508 497 sie

215 555 490 615 pronuntiare
514 568 635 599 ausus
659 563 749 608 est,
782 564 829 599 ut
853 554 898 597 in
924 554 1053 598 totius
1082 553 1193 598 vitae
1222 555 1414 600 instituto
1440 553 1507 598 ni-

216 657 278 702 hil
305 675 404 704 eum
434 667 622 712 temere,
653 655 761 702 nihil
794 674 981 720 unquam
1027 656 1116 702 sine
1146 657 1351 718 exquisito
1376 658 1505 719 egisse

210 763 375 824 judicio
409 764 589 836 affirmet
605 798 618 819 ,
647 761 827 810 eundem
856 769 898 806 et
923 761 1239 822 prudentissimi
1266 777 1430 823 semper
1462 771 1504 806 et

214 866 530 913 elementissimi
583 874 798 911 auctorem
848 864 1014 910 consilii
1059 865 1260 928 Philippo
1301 865 1503 912 exstitisse

219 970 437 1016 contendit
475 973 529 1024 ¹).

278 1073 401 1119 Nihil
443 1076 634 1135 profecto
689 1075 879 1120 accidere
919 1075 1103 1137 optatius
1148 1075 1278 1120 Arato
1320 1077 1502 1135 potuit,

217 1192 344 1237 quam
379 1186 427 1221 ut
471 1192 613 1238 regem
657 1177 701 1220 in
725 1177 874 1222 eodem
895 1175 968 1221 illo
997 1176 1049 1221 de
1075 1176 1315 1222 civitatibus
1338 1177 1506 1223 Graecis

214 1280 325 1325 bene
355 1281 546 1326 merendi
571 1281 708 1327 studio
754 1283 800 1325 in
823 1283 1054 1344 eademque
1080 1298 1179 1343 erga
1209 1297 1251 1327 se
1281 1282 1500 1327 voluntate

216 1392 259 1427 et
288 1384 547 1428 reverentiae
570 1400 690 1430 sensu
721 1400 849 1445 quam
874 1386 1109 1430 diutissime
1133 1385 1350 1430 retineret.
1416 1387 1472 1429 At
1490 1418 1504 1439 ,

210 1483 332 1548 longe
359 1487 568 1533 diversum
595 1489 724 1550 idque
754 1488 1069 1534 acerbissimum
1100 1489 1140 1532 ei
1166 1489 1419 1533 imminebat
1435 1490 1501 1533 fa-

211 1598 319 1637 tum.
399 1590 647 1636 Aulicorum
688 1591 907 1637 caiumniis
948 1592 1135 1637 irretitus
1160 1625 1174 1646 ,
1217 1591 1286 1636 vix
1326 1591 1377 1637 iis
1417 1607 1502 1637 sese

212 1696 388 1754 eripuit.
457 1673 593 1749 Deinl,
646 1697 754 1754 regis
798 1695 987 1739 moribus
1021 1695 1066 1738 in
1107 1694 1290 1738 deterius
1327 1694 1498 1737 mutatis

210 1813 343 1857 quum
383 1798 559 1857 obsequi
611 1798 781 1851 nollet,
827 1813 1029 1857 praeceps
1072 1798 1116 1840 in
1156 1797 1389 1857 perniciem
1428 1797 1501 1840 da-

213 1908 279 1945 tus
311 1910 386 1948 est.

270 2007 387 2050 Inter
416 2006 509 2051 illos
540 2008 685 2066 igitur,
707 2006 860 2067 quibus
885 2007 939 2050 ab
956 2006 1169 2066 Antigono
1185 2005 1373 2066 Philippi
1389 2013 1503 2049 tute-

209 2102 248 2151 la
273 2109 470 2153 mandata
512 2118 760 2153 testamento
788 2110 926 2153 fuerat
946 2143 957 2161 ,
991 2108 1159 2169 Apelles
1187 2109 1360 2170 quidam
1384 2109 1467 2152 fuit
1486 2141 1498 2160 ‚

210 2281 286 2309 tate
343 2276 538 2321 exspectari
576 2284 716 2323 poterat
762 2276 946 2311 hominum
989 2276 1261 2312 admirationem
1298 2282 1501 2312 consecutus

210 2341 381 2387 traditur.

259 2423 291 2457 ι)
341 2413 386 2449 V.
415 2415 473 2450 12.
499 2414 564 2450 lx.
588 2416 648 2450 23.
698 2414 754 2449 Ita
779 2426 914 2462 quoque
939 2414 1029 2462 apud
1055 2413 1184 2462 Polyb.
1207 2413 1292 2450 VII.
1319 2415 1363 2450 13
1386 2413 1494 2460 (quod

209 2495 427 2531 nequaquam
475 2485 829 2532 praetermittendum
877 2486 978 2533 puto)
1015 2485 1165 2533 legitur,
1205 2487 1383 2527 Aratum,
1420 2498 1498 2521 cum

205 2552 411 2600 Philippum
430 2555 580 2595 videret,
605 2554 738 2589 bellum
764 2556 932 2591 adversus
953 2555 1131 2591 Romanos
1158 2563 1279 2603 aperte
1302 2554 1503 2602 suscipien-

209 2629 281 2657 tem
305 2630 409 2670 atque
439 2635 519 2669 erga
539 2624 653 2660 socios
676 2623 780 2671 longe
807 2625 878 2662 alia
902 2638 940 2662 ac
966 2627 1064 2673 prius
1097 2625 1282 2663 voluntate
1310 2624 1499 2662 affectum·

211 2692 318 2727 variis
347 2692 617 2730 difficultatibus
652 2706 691 2730 ae
729 2695 928 2732 rationibus
970 2695 1008 2732 in
1043 2694 1199 2732 medium
1226 2692 1347 2730 allatis
1366 2717 1376 2735 ‚
1400 2702 1500 2737 aegre

208 2773 323 2808 regem
349 2762 392 2799 ab
416 2763 555 2810 incepto
577 2763 802 2801 deteri-uisse.
