1630 3217
763 285 846 327 105

173 430 357 475 Achaeos
382 429 555 488 publice
579 428 758 479 adeunt,
778 428 1096 486 legatorumque
1115 426 1168 468 ad
1193 425 1451 483 Antigonum

167 532 472 577 mittendorum
496 529 762 583 facultatem,
804 530 849 571 in
877 526 1325 589 Megalopolitanorum
1352 546 1451 593 gra-

166 635 293 687 tiam,
339 633 510 694 adepti,
555 633 670 677 recta
723 631 823 675 inde
865 631 910 675 in
954 632 1095 678 aulam
1135 605 1449 681 Macedonicam

164 735 358 780 tendunt.
424 734 491 778 Ad
531 734 640 794 regis
679 732 937 795 colloquium
982 735 1151 781 admissi
1169 770 1180 790 ,
1227 741 1448 785 commoda

166 838 341 898 quidem
368 836 530 896 patriae
556 809 723 881 nonnisi
755 837 942 881 breviter>
969 845 1010 880 et
1037 839 1279 883 summatim
1321 843 1449 885 attin-

161 951 295 1003 gunt,
329 942 383 986 de
411 942 573 987 summa
602 949 745 985 autem
771 955 914 985 rerum
933 975 945 994 ,
980 956 1029 984 ex
1058 942 1179 986 Arati
1208 943 1416 988 mandatis
1434 978 1447 998 ,

160 1046 343 1108 plurima
371 1047 496 1091 verba
521 1046 697 1091 faciunt.
764 1045 993 1092 Ostendere
1013 1048 1103 1107 regi
1130 1047 1331 1102 student,
1364 1050 1446 1093 Ae-

160 1152 344 1196 tolorum
369 1150 441 1194 illa
467 1158 509 1192 et
538 1147 778 1193 Cleomenis
801 1149 974 1192 societas
1005 1148 1109 1209 quid
1149 1148 1282 1193 valeat
1311 1165 1446 1210 quor-

162 1269 341 1315 sumque
367 1260 554 1313 spectet,
587 1267 727 1311 neque
753 1251 933 1296 Achaeis
960 1253 1055 1298 solis
1082 1254 1314 1299 cavendum
1330 1287 1343 1308 ,
1375 1256 1446 1300 sed

161 1358 226 1403 vel
265 1357 446 1401 maxime
489 1356 618 1401 etiam
655 1356 736 1417 ipsi
777 1355 1007 1416 Antigono,
1071 1357 1186 1402 Fieri
1230 1359 1345 1403 enim
1380 1360 1445 1403 vix

160 1462 280 1507 aliter
318 1477 463 1521 posse,
512 1462 616 1520 quin
654 1460 835 1506 Achaeis
883 1461 991 1520 (leve
1031 1476 1131 1506 sane
1172 1463 1389 1531 negotium
1409 1470 1442 1520 ‚)

157 1565 376 1613 debellatis
396 1601 407 1620 ,
455 1579 533 1627 pro
568 1564 741 1610 avaritia
776 1565 849 1609 sua
890 1563 1032 1610 Aetoli
1073 1572 1116 1609 et
1164 1564 1411 1611 Cleomenes
1428 1600 1441 1620 ‚

157 1685 265 1731 quae
297 1676 401 1713 esset
426 1657 609 1712 hominis
635 1667 813 1713 ambitio
844 1669 1057 1729 totiusque
1096 1670 1206 1713 vitae
1245 1671 1444 1730 proposi-

154 1785 245 1820 tum
262 1808 275 1828 ,
309 1776 523 1836 quamvis,
570 1776 615 1818 in
646 1775 909 1835 praesentia,
956 1773 1236 1836 Peloponnesi
1265 1776 1443 1836 imperio

154 1878 345 1921 contenti
376 1877 536 1921 fuerint
546 1909 560 1930 ‚
575 1892 672 1921 mox
684 1878 900 1921 universae
918 1878 1119 1923 Graeciae
1133 1878 1349 1924 vindicare
1362 1880 1441 1925 sibi

151 1980 437 2042 principatum
466 1978 685 2023 studeant:
723 1978 836 2039 quod
856 2013 869 2033 ,
902 1978 982 2023 nisi
1007 1979 1287 2024 Macedonum
1309 1995 1438 2041 regno

149 2086 344 2130 subverso
362 2120 373 2138 ,
407 2084 570 2144 assequi
600 2099 685 2128 non
712 2083 884 2144 possint.
921 2083 1126 2140 Quocirca
1156 2099 1275 2128 orare
1295 2100 1439 2145 regem

149 2190 307 2252 legati,
355 2198 433 2243 ut,
487 2190 630 2234 futura
671 2187 931 2251 prospiciens
949 2222 961 2242 ,
1006 2203 1148 2233 secum
1191 2197 1437 2250 reputaret,

149 2299 336 2359 magisne
361 2298 485 2343 rebus
516 2297 598 2344 suis
635 2295 918 2351 conduceret,
966 2294 1147 2340 Achaeis
1185 2281 1437 2357 Boeotisque

149 2403 432 2448 succurrendo
449 2438 462 2457 ,
510 2404 555 2447 in
595 2402 884 2463 Peloponneso
901 2436 912 2456 ‚
957 2417 1054 2446 cum
1096 2401 1319 2446 Cleomene
1337 2437 1348 2454 ,
1383 2402 1435 2445 de

150 2491 417 2548 Graecorum
444 2507 687 2566 principatu
709 2507 965 2561 decernere,
999 2522 1050 2550 an
1082 2522 1179 2550 vero
1196 2540 1208 2560 ,
1255 2505 1433 2549 maximo

157 2605 313 2667 populo
343 2606 560 2666 neglecto,
595 2608 638 2651 in
667 2608 874 2656 Thessalia
893 2644 905 2664 ,
939 2626 1036 2655 cum
1064 2609 1252 2664 Aetolis,
1299 2609 1435 2664 Boeo-
