1630 3217
802 264 888 307 104

201 423 467 468 summopere
520 407 788 461 laborarent,
839 409 991 452 frustra
1034 409 1186 454 auxilia
1227 421 1462 472 exspectare
1482 448 1493 466 ,

204 513 308 556 dum
354 513 459 557 belli
499 513 566 557 vel
610 513 789 558 maxime
829 513 1115 574 affligerentur
1157 515 1463 563 calamitatibus
1481 552 1491 571 ,

203 631 421 679 quumque
448 618 618 677 insuper
646 619 866 679 cognitum
892 618 1067 666 haberet
1100 621 1347 667 eorumdem
1375 639 1398 667 a
1427 637 1494 666 re-

204 725 324 783 gibus
362 725 636 775 Macedoniae
664 725 866 770 'animum
884 759 897 779 ,
942 733 1115 786 propter
1156 724 1362 769 beneficia
1397 734 1493 770 ante

205 837 379 888 accepta
419 831 461 889 1).
478 864 489 884 ,
506 830 700 896 Αιῐιίηίιῐιατι
730 830 945 873 alienum:
997 842 1083 871 non
1119 827 1330 872 dubitavit
1358 828 1463 886 quin
1481 860 1493 880 ,

201 934 236 975 si
263 933 430 991 gravius
455 944 705 994 urgerentur
737 951 762 978 a
796 934 1022 980 Cleomene
1043 968 1054 988 ‚
1089 934 1352 994 Antigonum
1377 948 1495 994 opes—

202 1052 287 1097 que
313 1037 606 1083 Macedonicas
633 1053 730 1082 mox
760 1048 895 1084 essent
935 1037 1185 1098 respecturi.
1250 1037 1384 1080 Erant
1412 1053 1493 1080 au-

200 1146 288 1181 tem
313 1138 399 1182 duo
432 1139 543 1183 cives
586 1139 958 1201 Megalopolitani,
1004 1137 1271 1198 Nicophanes
1298 1145 1341 1181 et
1386 1136 1494 1182 Cer-

202 1242 315 1288 cidas
333 1276 345 1296 ,
377 1242 553 1304 hospitii
579 1244 746 1303 paterni
768 1244 937 1288 vinculo
966 1259 1065 1288 cum
1097 1243 1226 1289 Arato
1242 1243 1408 1303 juncti,
1442 1242 1494 1286 ad

199 1346 552 1407 ejusquefcoepta
577 1346 871 1406 persequenda
895 1347 1055 1391 idonei.
1120 1346 1198 1390 His
1243 1345 1296 1389 ad
1325 1359 1492 1389 arcanas

201 1450 527 1496 deliberationes
557 1448 759 1493 adhibitis
780 1482 792 1501 ‚
825 1449 950 1493 facile
975 1449 1114 1493 effecit
1135 1482 1148 1501 ‚
1182 1457 1229 1492 ut
1250 1449 1493 1509 Megalopo-

200 1554 344 1606 litani,
393 1553 445 1597 de
476 1552 631 1597 auxilio
671 1552 753 1597 sibi
780 1552 834 1595 ab
866 1552 1079 1613 Antigono
1106 1552 1373 1612 impetrando
1392 1586 1404 1605 ‚
1439 1552 1492 1597 ad

203 1655 473 1700 Achaeorum
502 1663 756 1699 conventum
783 1656 1037 1714 legationem
1052 1656 1329 1700 decernerent
1345 1690 1357 1709 ,
1375 1657 1491 1715 cujus

200 1759 421 1804 obeundae
460 1774 613 1803 munus
654 1757 804 1803 iisdem
838 1757 920 1801 illis
961 1757 1185 1803 mandatur
1230 1758 1463 1803 duumviris
1479 1793 1491 1812 ‚

198 1862 273 1924 qui
301 1861 466 1907 consilii
489 1870 680 1915 auctores
710 1862 873 1907 civibus
913 1862 996 1907 suis
1025 1863 1209 1909 fuerant.
1275 1865 1333 1908 Hi
1362 1864 1491 1924 igitur

250 2049 282 2081 ¹)
331 2048 458 2096 Polyb.
493 2049 545 2084 Π.
582 2050 643 2084 48.
691 2046 745 2084 A'd
771 2061 872 2095 quem
898 2048 1014 2084 locum
1040 2048 1093 2083 ita
1118 2047 1490 2094 Schweighaeuserus:

200 2130 416 2164 „quaenam
454 2120 527 2152 sint
560 2119 627 2152 illa
664 2119 856 2162 beneficia,
897 2129 989 2162 quae
1027 2129 1052 2150 α
1075 2117 1266 2162 Ρῆἰῖίρρρ,
1304 2118 1491 2163 Amyntae

201 2212 224 2228 ,‚
235 2189 340 2232 filio,
368 2191 569 2236 acceperint
593 2189 918 2234 Megalopolitani,
953 2199 1131 2234 nusquam
1155 2190 1343 2223 memoriae
1363 2189 1491 2233 prodi—

202 2261 319 2298 „tum
342 2261 498 2302 reperi.¹’
550 2258 619 2294 Res
645 2258 859 2295 illustranda
886 2257 977 2293 mihi
1005 2258 1192 2294 videbatur
1218 2271 1259 2293 ex
1281 2257 1409 2304 Polyb.
1429 2259 1491 2295 IX.

200 2327 274 2363 28:
307 2325 369 2361 ubi
406 2325 600 2362 Chlaeneas
634 2326 779 2364 Aetolus
819 2328 857 2363 in
891 2327 1053 2363 oratione
1077 2327 1168 2374 apud
1195 2326 1491 2365 Lacedaemonios

200 2396 328 2431 habita
345 2420 354 2436 ‚
381 2407 499 2441 regem
525 2394 625 2430 illum
653 2396 781 2441 oppida
806 2408 884 2431 cum
915 2399 1033 2440 agris,
1072 2396 1154 2432 huic
1181 2397 1309 2445 populo
1346 2406 1490 2445 erepta,

202 2478 278 2500 cum
305 2463 387 2501 aliis
403 2490 412 2506 ,
441 2473 515 2501 tum
544 2463 652 2500 etiam
677 2463 988 2511 Megalopolitanis
1008 2464 1223 2504 adtribuisse
1251 2467 1328 2509 ait,
1355 2468 1496 2513 donec„

202 2546 349 2581 pergens
372 2533 540 2579 legendo,
582 2546 745 2580 negatum
778 2533 844 2569 hoc
878 2534 992 2580 ipsum
1016 2534 1060 2569 ab
1099 2536 1321 2571 Acarnanum
1348 2543 1490 2571 oratore

201 2602 451 2650 comperissem
476 2603 525 2639 ib.
551 2617 580 2639 c.
609 2605 668 2640 33.
696 2604 818 2651 Itaque
845 2603 970 2641 dubius
997 2604 1110 2641 haesi.
