1630 3217
761 282 846 323 100

162 426 336 480 statuit3
382 438 478 468 mox
506 432 647 468 tamen
666 457 677 477 ‚
724 438 769 466 re
806 422 1035 469 deliberat&
1054 458 1065 477 ,
1115 438 1198 484 quo
1232 423 1450 484 dignitatis

162 541 250 578 erat
274 533 369 576 loco
395 547 671 594 permanens,
713 531 901 577 Achaeos
934 531 1076 577 educit
1106 529 1416 576 Orchomenum
1433 565 1445 585 ,

160 636 410 698 proelioque
460 636 682 683 commisso
700 671 711 690 ,
761 646 804 682 et
845 637 1123 698 Megistonum
1141 670 1154 692 ,
1213 634 1450 682 Cleomenis

158 742 356 786 vitricum
376 774 389 795 ,
437 742 580 786 vivum
608 741 654 785 in
684 756 803 785 suam
831 741 986 802 redigit
1015 749 1265 803 potestatem
1294 750 1337 785 et
1364 749 1448 785 tre-

162 858 304 894 centos
328 847 468 894 hostes
495 849 629 892 victor
656 847 809 914 caedit.

220 951 396 1013 Egregie
454 948 568 1010 apud
627 945 926 1007 Thucydidem
980 946 1191 1001 Pericles:
1250 949 1309 994 II.
1336 951 1444 993 .43:

158 1053 430 1111 ἄλγὲινοτέρα
473 1055 553 1109 γὰρ
595 1052 721 1108 ἀνδρί
765 1067 812 1103 γε
856 1052 1050 1107 φρόνημα
1093 1052 1235 1108 ἔχοντι
1263 1056 1290 1107 ἡ
1318 1053 1366 1096 ἕν
1394 1068 1454 1107 τῳ

155 1160 260 1211 μετὰ
294 1161 367 1200 τοῦ
409 1155 733 1211 μαλακισθῆναι
772 1159 949 1205 κάκωσις
977 1159 1006 1211 ἤ
1032 1158 1055 1198 ό
1081 1158 1185 1211 μετὰ
1214 1158 1353 1212 ῥώμης
1379 1158 1453 1199 καὶ

156 1266 299 1314 κοινῆς
329 1260 499 1308 ἐλπίδος
543 1261 632 1313 ἃμα
678 1261 923 1313 γιγνόμενος
954 1259 1213 1313 ἀναίσθητος
1243 1263 1448 1307 θάνατος.

156 1363 333 1408 Utinam
351 1364 410 1407 ita
426 1365 578 1407 Aratus
603 1378 797 1423 quoque,
821 1372 1046 1423 postquam
1073 1378 1313 1423 generosam
1332 1361 1449 1407 illam

153 1467 196 1510 in
239 1467 350 1511 cives
394 1482 490 1511 suos
538 1467 773 1511 vindictam
816 1474 1084 1519 exercuerat,
1131 1466 1312 1510 foederis
1349 1466 1449 1524 jura

150 1571 413 1633 gloriamque
467 1586 767 1633 propugnans,
823 1570 910 1614 fato
949 1570 1137 1631 propitio
1183 1570 1448 1615 occubuisset

148 1673 363 1734 vitamque
390 1673 612 1734 splendide
650 1682 789 1717 actam
813 1682 950 1717 morte
978 1672 1230 1717 cumulasset
1253 1671 1446 1732 praecla-

148 1776 223 1818 ra!
288 1774 356 1817 Ab
386 1773 469 1817 hoc
498 1775 614 1819 enim
640 1783 832 1835 tempore
858 1775 1055 1836 lugubria
1095 1776 1263 1830 omnia,
1316 1777 1445 1836 tragi-

148 1891 328 1937 camque
372 1877 557 1936 speciem
595 1878 797 1923 induunt.
861 1876 1089 1922 Libertatis
1129 1879 1325 1924 alumnus
1352 1879 1443 1924 foe-

145 1979 256 2025 deris
283 1995 452 2026 causam
481 1979 659 2034 deserit,
690 1980 852 2042 quique
877 1980 1183 2037 Timoleontis,
1209 1982 1444 2043 Philopoe—

144 2086 279 2130 menis
304 2120 316 2141 ‚
366 2086 688 2148 Epaminondae
716 2121 728 2141 ,
780 2084 951 2134 Catonis
1010 2086 1224 2134 Uticensis
1277 2086 1407 2131 instar
1433 2121 1444 2139 ‚

143 2190 310 2235 nonnisi
350 2190 653 2252 propellendae
706 2190 924 2252 tyrannidi
971 2190 1217 2252 injustoque
1266 2188 1447 2248 imperio

144 2292 431 2353 oppugnando
485 2294 539 2336 ab
593 2292 864 2338 incunabulis
912 2291 1145 2337 destinatus
1189 2290 1414 2337 videbatur
1432 2328 1444 2347 ‚

140 2395 321 2452 (mirum
353 2394 726 2454 tristissimamque
768 2394 964 2452 auditu!)
1008 2394 1252 2439 servitutem
1284 2396 1374 2458 ipse
1400 2397 1446 2439 in

139 2499 325 2558 patriam
354 2499 507 2554 infert,
542 2507 585 2544 et
625 2497 877 2553 Macedoni,
914 2499 1027 2544 avito
1068 2499 1269 2546 Graeciae
1300 2499 1440 2552 hosti,
