1630 3217
755 287 840 328 113

132 444 190 472 ‘co
214 427 463 474 videbantur
481 460 495 482 ‚
528 425 643 486 quod
669 425 968 478 multitudini,
1016 433 1193 484 propter
1233 423 1433 482 injuriam

135 531 218 575 sibi
245 531 405 575 illatam
425 563 437 583 ,
458 539 711 587 magnopere
736 525 1063 570 succensuisset:
1092 525 1259 571 Achaei
1284 526 1397 571 enim
1413 561 1425 581 ,

139 633 201 677 uti
224 599 505 692 jam'dictum
533 637 623 680 est,
648 626 871 685 ‹Lydiadis
910 626 964 671 ad
1007 628 1292 688 Megalopolin
1318 630 1427 675 caesi

135 738 304 797 culpam
329 736 378 779 in
401 748 505 778 eum
530 732 793 777 conferentes
808 764 821 786 ,
857 731 1037 791 Aegium
1061 745 1159 774 eum
1188 730 1285 774 irati
1309 731 1428 774 abri-

134 844 314 897 puerant
342 833 552 894 'gravique
589 832 812 876 affecerant
853 832 1109 893 «ignominia.
1175 832 1294 877 Tunc
1329 834 1425 893 qui-

133 935 231 980 dem
248 969 259 989 ,
276 935 481 996 quamvis
502 934 554 979 de
581 934 828 995 magistratu
852 935 996 980 statim
1021 935 1259 980 abdicando
1280 950 1424 981 secum

133 1039 384 1092 meditatus,
443 1039 504 1081 ira
555 1046 696 1081 tamen
745 1040 936 1098 superior
955 1073 967 1092 ‚
1012 1041 1277 1100 propositum
1316 1039 1422 1084 illud

130 1144 446 1203 repudiaverat3
494 1158 610 1186 nunc
640 1157 738 1186 vero
755 1176 770 1196 ‚
816 1145 922 1186 nova
941 1177 954 1196 ,
1002 1152 1050 1187 ut
1077 1144 1245 1188 videtur
1263 1178 1275 1199 ‚
1324 1160 1418 1189 suc-

132 1246 328 1289 censendi
356 1229 538 1289 'materia
580 1245 721 1288 oblata
739 1279 752 1299 ,
802 1245 1104 1304 (multitudinis
1146 1247 1263 1291 enim
1290 1248 1419 1292 semel

130 1348 328 1393 incitatae
384 1348 476 1409 quis
522 1332 738 1392 vlevitatem
782 1350 1150 1413 temeritatemque
1194 1352 1359 1413 ignorat
1374 1352 1416 1412 ?)

126 1470 151 1498 a
176 1470 317 1499 rerum
343 1454 437 1498 ideo
462 1452 749 1497 moderamine
779 1469 994 1498 removere
1021 1470 1064 1499 se
1091 1454 1197 1498 velle
1228 1455 1407 1498 videba-

126 1567 212 1606 tur.
271 1558 358 1603 Sed
375 1592 389 1611 ‚
422 1566 469 1601 ut
495 1554 744 1601 Plutarchus
772 1557 965 1610 monuit,
1007 1572 1112 1601 ,vera
1137 1571 1260 1600 causa
1284 1556 1408 1616 longe

124 1661 247 1706 altius
275 1661 502 1721 repetenda
529 1667 620 1704 est:
673 1660 791 1702 αἰτία
833 1660 872 1702 δ’
903 1660 1067 1716 ἀληθὴς
1084 1692 1097 1711 ,
1144 1659 1312 1717 inquit,
1357 1662 1412 1701 τὰ

123 1766 350 1821 περιεςῶτα
372 1765 468 1813 τούς
493 1762 705 1820 Ἀχαιὸυς
719 1794 733 1816 ,
767 1760 912 1805 οὐκέθ’
935 1763 992 1811 ὥς
1023 1764 1222 1818 πρότερον
1252 1760 1411 1818 ἀτρέμα

122 1865 193 1908 καὶ
225 1863 376 1920 σχέδην
406 1866 480 1905 τοῦ
512 1862 777 1917 Κλεομένους
809 1863 1106 1921 ἐπιβαίνοντος
1132 1862 1223 1907 οὐδ’
1255 1863 1409 1919 ἔμπλε-

123 1965 299 2022 κομένου
329 1968 421 2014 ταῖς
452 1963 688 2012 πολιτικαῖς
708 1963 885 2019 ἀρχαῖς,
918 1961 1014 2004 ἀλλ’
1035 1964 1245 2030 ἐπεὶῗτούς
1271 1963 1405 2017 Ἐφό-

121 2084 218 2124 ρους
262 2065 512 2114 ἀποκτείνας
555 2065 627 2107 καὶ
672 2065 749 2117 τὴν
796 2064 937 2119 χώραν
983 2061 1300 2118 ἀναδασάμενος
1329 2064 1405 2105 καὶ

118 2151 308 2220 πολλοὺς·
342 2169 428 2212 τῶν
472 2167 673 2223 μετοίκων
720 2165 915 2226 ἐμβαλὼν
961 2168 1019 2216 εἷς
1061 2169 1139 2221 τὴν
1183 2167 1403 2211 πολιτείαν

120 2271 238 2328 ἔσχεν
294 2273 411 2330 ῖσχύν
472 2269 775 2315 ἀνυπέυθυνον
830 2270 955 2320 εὐθύς
1013 2269 1274 2325 ἐπικειμένου
1317 2275 1405 2321 τοῖς

118 2370 318 2427 Ἀχαιοῖς
349 2376 420 2415 καὶ
452 2378 523 2428 τῆς
553 2376 775 2430 ἡγεμονίας
806 2375 958 2420 ἑαυτὸν
1000 2376 1230 2427 ἀξιοῦντος.
1291 2376 1398 2420 Rem

120 2472 227 2531 mihi
264 2473 566 2518 consideranti‘
582 2475 696 2519 haud
745 2477 928 2522 multum
980 2478 1171 2523 aberrare
1223 2495 1247 2523 a
1299 2494 1396 2523 vero

118 2576 282 2622 videtur
307 2611 318 2631 ,
386 2577 461 2638 qui
517 2579 788 2637 conjunctam
831 2597 1055 2629 causarum·
1104 2581 1272 2628 illarum
1311 2582 1393 2627 vim

1218 2687 1246 2729 8
