1630 3217
779 300 862 342 165

172 443 282 504 cepit
325 442 524 501 Polybius
541 474 553 495 ,
599 440 801 485 acerrime
828 440 952 485 simul
978 441 1259 499 perstringens
1278 438 1453 497 Phylar-

172 547 298 591 chum
315 582 325 601 ,
360 547 434 607 qui
455 582 466 600 ,
502 543 733 603 tragoedias
758 542 953 604 fingendo
973 576 985 597 ‚
1020 542 1073 587 ad
1105 542 1450 597 misericordiam,

166 668 243 711 pro
284 664 400 693 more
429 666 503 694 suo
520 682 531 700 ,
573 648 749 691 lectores
775 645 939 690 trahere
963 647 1098 706 iisque
1119 645 1333 705 imponere
1362 655 1450 690 stu-

167 752 319 797 duisset
358 755 410 803 ¹).

227 854 310 899 Sed
347 853 400 896 ad
439 851 509 896 illa
544 853 635 911 jam
682 851 923 896 devenimus
966 859 1184 912 tempora,
1228 865 1367 912 quae,
1400 861 1448 895 ut

166 955 289 1017 plane
317 956 525 1001 diversum
555 972 577 999 a
604 956 815 1017 prioribus
842 969 984 1000 rerum
1013 955 1260 1015 adspectum
1281 954 1451 997 lectori-

161 1064 237 1105 bus
279 1062 503 1113 exhibent,
539 1061 597 1103 ita
638 1060 828 1103 citatiore
870 1058 1001 1117 gradu
1029 1031 1267 1118 perniciem
1291 1056 1445 1101 attule-

163 1175 261 1210 runt
290 1166 418 1210 Arato
436 1200 448 1218 ,
488 1165 647 1225 quippe
665 1166 753 1224 ejus

399 1268 552 1314 haeret
586 1267 725 1310 lateri
758 1266 943 1310 lethalis
976 1269 1166 1313 arundo.

161 1366 386 1410 Dedecoris
420 1366 589 1411 admissi
632 1366 951 1412 acerbissimam
985 1384 1168 1428 poenam
1194 1369 1273 1413 luit
1321 1378 1361 1413 et
1406 1371 1449 1412 in

162 1486 259 1515 eum
285 1485 453 1530 quoque
478 1468 662 1514 conferri
691 1485 854 1514 summo
876 1471 975 1529 jure
1000 1471 1189 1530 possint,
1224 1485 1334 1531 quae
1354 1505 1366 1526 ‚
1401 1471 1445 1514 in

162 1588 336 1632 persona
361 1572 581 1626 dissimili,
617 1572 771 1616 cecinit
799 1573 1032 1617 Homerus:

430 1677 508 1718 νῦν
539 1673 578 1716 δ’
610 1674 750 1730 ἀθρόα
782 1673 906 1716 πάντ’
939 1673 1122 1717 ἀπέτισε.

162 1778 228 1822 Ad
256 1779 511 1822 succinctam
540 1777 668 1836 igitur
682 1792 825 1821 rerum
844 1811 856 1831 ‚
889 1778 934 1820 in
947 1777 1234 1838 Peloponneso
1250 1779 1446 1839 deinceps

162 1889 367 1942 gestarum
387 1913 399 1933 ‚
432 1880 715 1924 narrationem
744 1880 801 1924 ita
826 1881 1071 1927 accedamus
1087 1916 1097 1935 ‚
1133 1890 1179 1925 ut
1197 1882 1443 1928 ultimorum

163 1982 283 2029 Arati
311 1984 493 2027 fatorum
521 1981 749 2044 praecipua
770 1983 878 2028 ratio
909 1983 1128 2029 habeatur.

223 2088 456 2148 Antigonus
483 2088 632 2148 igitur,
665 2095 759 2147 post
782 2104 965 2148 pugnam
980 2088 1031 2132 ad
1046 2087 1446 2149 Sellasiam,repen-

164 2192 250 2234 tina
281 2192 490 2236 invasione
513 2191 662 2251 Sparta
691 2193 875 2252 potitus,
909 2207 1006 2237 cum
1034 2193 1077 2236 in
1109 2195 1281 2239 caeteris
1301 2196 1443 2257 singu-

162 2294 238 2337 lari
279 2293 539 2341 humanitate
584 2306 625 2341 ct
654 2297 943 2358 magnitudine
974 2298 1104 2343 animi
1136 2316 1231 2346 usus
1261 2310 1322 2346 est
1350 2317 1444 2362 erga

161 2396 533 2455 Lacedaemonios,
561 2411 651 2447 tum
670 2437 680 2455 ,
715 2402 821 2446 avita
849 2401 930 2446 illis
958 2404 1218 2464 reipublicae
1231 2404 1362 2449 forma
1375 2418 1441 2448 re-

213 2609 243 2641 i)
294 2601 418 2648 Polyb.
444 2604 492 2638 11.
521 2608 674 2643 56—63.
702 2611 747 2646 cf.
778 2612 819 2646 V.
847 2614 972 2647 Arati.
1001 2627 1031 2648 c.
1057 2616 1101 2648 44
1128 2623 1162 2649 et
1188 2618 1246 2652 45.
