1630 3217
797 299 852 338 97

170 442 310 495 dacti,
345 444 540 486 invocare
570 440 855 485 Cleomenem.
924 439 1006 482 Hic
1025 470 1037 490 ,
1086 439 1252 482 nonnisi
1297 438 1460 482 bellum

170 546 428 606 gloriamque
453 544 669 605 cogitans,
704 543 876 596 adesse3
915 541 1127 612 Achaeos,
1158 519 1249 601 jam
1279 543 1457 588 redeun-

169 659 229 693 tes
248 683 261 703 ,
295 650 522 709 persequi,
555 647 713 692 adoriri
740 647 792 691 ad
822 655 1010 693 montem
1039 649 1252 706 Lycaeum
1274 683 1286 703 ,
1329 651 1454 710 fuga-

165 768 239 807 re,
274 753 448 797 caedere
489 753 644 796 multos
663 786 675 806 ,
721 752 876 796 multos
918 752 1039 796 vivos
1072 766 1238 811 capere.
1304 751 1470 796 Aratus

169 866 299 927 noctu
328 858 468 917 vagari
491 857 657 903 coactus
680 867 763 911 est,
797 858 855 901 ita
886 867 939 902 ut'
960 857 1013 901 de
1039 859 1129 917 ejus
1150 865 1288 901 morte
1308 852 1454 898 rumor

164 962 320 1004 iterum
371 976 447 1020 per
502 961 723 1006 Graeciam
774 961 1119 1005 increbresceret.
1171 972 1175 976 ⁴
1200 959 1280 1004 Ille
1326 974 1426 1003 vero
1442 993 1454 1013 ‚

165 1062 314 1108 callide
341 1064 655 1125 opportunitate
672 1075 766 1108 usus
784 1099 796 1118 ,
831 1064 970 1108 subito
997 1064 1257 1108 Mantineam
1278 1063 1450 1116 invasit,

164 1170 396 1232 urbemque
417 1206 427 1224 ‚
474 1169 779 1230 Spartanorum
820 1182 870 1212 eo
913 1176 1102 1227 tempore
1144 1166 1335 1229 partibus
1378 1165 1471 1210 ad-··

165 1271 409 1316 haerentem
425 1305 438 1325 ,
473 1272 695 1331 occupavit
713 1305 724 1325 ,
759 1271 940 1314 munivit
959 1271 1167 1331 praesidio
1195 1280 1238 1316 et
1268 1270 1453 1331 inquili-

165 1390 238 1419 nos
253 1409 266 1428 ,
316 1390 400 1436 quo
437 1375 579 1436 plures
620 1375 705 1419 sibi
731 1375 887 1419 amicos
915 1373 1138 1427 redderet,
1188 1374 1345 1419 civium
1372 1387 1453 1416 nu-

165 1493 282 1522 mero
327 1479 561 1537 adscripsit.
627 1478 720 1534 Quo
758 1479 804 1520 in
849 1478 943 1521 loeo
985 1477 1182 1521 miratur:
1202 1474 1463 1518 Plutarchus

166 1580 288 1625 Arati·
302 1579 515 1625 solertiam
535 1615 546 1635 ,
581 1581 740 1642 quippe
761 1581 858 1641 qui,
885 1581 1042 1635 victus,
1069 1595 1175 1624 unus
1194 1579 1424 1623 obtinuerit
1438 1613 1469 1632 ,⁴

165 1699 271 1744 quae
310 1673 487 1729 rictores
532 1683 647 1728 haud
702 1683 825 1729 facile
881 1684 1175 1730 obtinuissent.
1240 1685 1311 1727 Ἀἰ
1352 1698 1450 1727 vero

164 1788 574 1848 appropinquabant
589 1797 791 1847 *tempora
807 1823 818 1841 ,
878 1789 1033 1848 quibus
1073 1787 1275 1848 plurimi„
1313 1804 1452 1849 ¹quam

164 1905 278 1934 nunc
336 1890 652 1935 admirabantur
705 1891 918 1935 solertiam
963 1893 1219 1952 summisque
1239 1893 1451 1937 'laudibus

165 1979 394 2037 efferebant
410 2027 421 2046 ‚
469 1993 748 2038 moderatiore
790 2004 916 2038 erant:
949 1996 1176 2054 praeconio
1207 1996 1450 2039 celebratu-

162 2098 227 2141 ri!
262 2123 323 2131 —-
353 2097 659 2141 Mantineenses
704 2112 851 2141 acrem·
872 2097 992 2141 Arati
1019 2097 1273 2143 vindictam*
1294 2099 1472 2142 merito-³

164 2200 397 2247 timebant:
445 2201 710 2247 Achaeorum
754 2203 869 2247 enim
900 2217 1068 2251 causam
1108 2206 1204 2248 ante
1230 2204 1449 2265 amplexi,

163 2301 350 2361 primum
366 2320 451 2351 sese
469 2305 629 2352 Aetolis
646 2341 659 2360 ‚
684 2306 784 2351 dein
802 2306 1020 2368 Spartanis
1031 2343 1043 2362 ,
1057 2308 1337 2355 tradiderant.
1363 2309 1452 2353 Lu-

166 2404 355 2451 culenter
370 2424 470 2454 vero
485 2409 533 2456 hi
551 2427 723 2473 quoque
748 2413 910 2476 experti
936 2423 1063 2470 sunt,
1092 2414 1274 2459 foederis
1300 2413 1455 2460 ducem

169 2512 214 2554 in
242 2509 404 2555 hostem
434 2511 594 2559 victum
621 2515 736 2561 haud
763 2516 821 2562 ita
851 2517 1004 2563 acriter
1031 2517 1205 2564 saevire.
1244 2517 1456 2587 Occupat-‘i

167 2617 271 2662 urbe
283 2651 294 2671 ‚
323 2616 463 2663 statim
479 2617 611 2662 edicit
623 2653 634 2673 ‚
663 2635 716 2665 ne
732 2623 826 2681 quis
841 2623 1021 2669 alienam
1038 2607 1339 2685 possessionem
1355 2634 1453 2668 tan-

1282 2732 1306 2771 7
