1630 3217
814 299 902 341 142

204 454 335 502 quam
350 439 511 484 ardenti
541 447 638 485 voto
666 454 801 501 usque
826 440 979 486 Aratus
996 449 1253 501 speraverat,
1280 443 1483 488 maximo-

201 555 302 602 pere
340 550 432 587 erat
459 543 685 589 verendum
702 576 715 597 ,
748 558 802 587 ne
831 541 1010 604 Spartae
1029 577 1043 599 ,
1075 544 1234 590 civitati
1275 545 1483 601 Doricae,

199 646 464 708 principatus
509 647 663 692 iterum
705 647 972 709 obtingeret,
1007 664 1092 710 quo
1137 664 1263 711 quam
1305 649 1486 711 benigne

199 750 263 793 uti
293 752 445 806 sciret,
479 750 655 795 historia
687 751 803 796 testis
832 754 949 796 erat!

258 853 412 914 Neque
452 863 591 898 tamen
629 862 792 896 metum
830 851 976 906 illum,
1024 855 1215 915 quamvis
1251 856 1411 914 justum
1439 862 1483 897 et

196 955 272 999 tali
311 956 402 999 viro
455 955 775 1017 dignissimum,
832 953 1009 999 valuisse
1063 962 1231 1001 tantum
1272 965 1477 1011 statuam,

197 1060 302 1119 quin
326 1059 443 1120 turpi
469 1075 639 1121 quoque
667 1059 848 1103 invidiae
865 1058 1034 1102 affectui
1051 1058 1352 1114 tribuendum,
1384 1076 1482 1105 eum

195 1163 449 1217 Plutarcho,
479 1162 663 1207 multum
693 1177 902 1208 censeam.
964 1161 1091 1206 Modo
1115 1161 1199 1205 hoc
1230 1162 1481 1221 subjungere

196 1263 351 1312 liceat:
388 1265 633 1327 quicunque
657 1281 742 1310 non
773 1265 897 1327 plane
934 1264 1132 1326 iniquum
1163 1264 1356 1325 judicem
1387 1279 1484 1325 age-

197 1383 243 1412 re
260 1401 273 1422 ,
306 1368 379 1413 sed
404 1368 524 1413 Arati
549 1369 836 1413 conditionem
855 1401 868 1422 ,
916 1383 940 1411 a
969 1368 1156 1429 partium
1187 1369 1324 1413 studio
1355 1369 1483 1413 odio-

195 1486 279 1532 que
310 1471 448 1526 liber,
493 1473 757 1534 perpendere
793 1472 1002 1527 voluerit,
1047 1473 1280 1527 fatebitur,
1327 1474 1479 1528 credo,

195 1592 281 1637 quo
309 1585 414 1621 esset
433 1577 505 1620 ille
523 1575 617 1621 loco
635 1611 647 1631 ,
680 1592 767 1620 non
787 1575 976 1620 invidere
991 1609 1004 1629 ‚
1039 1574 1152 1620 idem
1174 1576 1481 1635 propemodum

197 1680 320 1724 fuisse
352 1689 479 1740 atque
520 1688 693 1724 naturae
722 1679 930 1724 humanae
961 1696 1158 1740 superare
1194 1680 1316 1725 vires.
1379 1679 1482 1723 Fin-

197 1797 344 1842 gamus
385 1781 526 1826 animo
576 1782 743 1836 virum,
804 1782 848 1825 in
889 1789 1148 1826 senectutem
1196 1783 1287 1842 jam
1328 1758 1480 1827 derexit

196 1894 332 1929 aetate
351 1918 365 1939 ,
413 1884 519 1945 qui,
561 1898 638 1944 per
667 1883 833 1944 longam
864 1898 1071 1926 annorum
1096 1883 1246 1927 seriem
1264 1917 1276 1937 ‚
1323 1884 1482 1945 primas

196 1989 240 2033 in
269 1989 488 2051 republica
512 2004 583 2033 sua
606 1996 745 2049 egerat
774 1995 913 2048 partes
930 2019 943 2041 ,
989 1986 1064 2049 qui
1091 2002 1308 2048 supremae
1334 1988 1482 2032 a'ucto-

197 2094 334 2138 ritatis
372 2094 641 2139 dulcedinem
683 2109 733 2137 eo
763 2092 988 2136 sinceriore
1019 2100 1266 2153 perceperat
1296 2092 1475 2153 gaudio,

195 2215 282 2259 quo
328 2198 382 2243 ad
435 2214 576 2244 veram
631 2199 713 2242 sibi
755 2199 929 2259 gloriam
967 2200 1130 2244 summa
1172 2215 1253 2260 ope
1292 2197 1480 2252 nitenti,

197 2300 337 2345 delata
354 2300 614 2361 impensiore
643 2302 807 2357 studio,
836 2302 919 2346 sive
940 2301 1080 2363 potius
1097 2303 1263 2346 obtrusa
1289 2316 1312 2344 a
1342 2291 1479 2362 popu·-

196 2381 360 2450 laribus.
384 2402 467 2449 suis
496 2405 655 2459 fuerat,
704 2406 777 2465 qui
814 2405 859 2448 in
891 2405 1007 2448 nullo
1044 2420 1129 2449 non
1158 2404 1356 2466 gravioris
1384 2421 1477 2450 mo-

194 2510 329 2553 menti
372 2510 568 2570 negotio,
613 2524 745 2555 unum
776 2511 897 2556 illum
924 2513 1157 2574 respicere,
1204 2513 1259 2558 ab
1286 2529 1371 2557 uno
1401 2513 1474 2559 illo

192 2621 430 2675 exspectare
471 2614 647 2660 salutem
689 2626 998 2665 consueverant.
1063 2617 1155 2663 Tali
1195 2618 1284 2662 viro
1314 2634 1366 2662 en
1392 2615 1473 2659 tibi
