1630 3217
814 303 839 341 2

182 438 314 484 ‘Dores
346 442 422 483 sub
455 441 689 487 Heraclidis
709 478 720 498 ‚
776 445 827 489 ad
848 447 946 506 jura
973 463 1043 493 sua
1073 449 1324 494 vindicanda
1343 485 1354 505 ,
1389 453 1469 498 Pe-

185 543 461 601 loponnesum
501 556 634 591 essent
674 563 825 608 magno
864 552 1029 611 impetu
1070 553 1251 613 adgressi
1288 570 1463 616 eamque

184 646 271 690 fere
298 656 430 691 totam
459 649 539 693 sibi
569 650 873 711 subjecissent,
923 655 1083 701 sactum
1111 666 1171 702 est
1200 666 1247 702 ut
1273 657 1463 713 Achaei,

181 749 256 808 qui
283 748 479 811 Spartam
511 768 561 797 co
586 762 776 815 tempore
805 766 932 818 atque
966 759 1096 820 Argos
1125 776 1376 824 omnemque
1401 765 1466 808 in-

182 854 382 900 feriorem
407 856 743 918 Peloponnesum
772 863 999 917 tenebant,
1033 864 1200 912 sedibus
1228 866 1311 913 suis
1339 867 1464 912 relic-

182 960 234 1003 tis
251 995 262 1014 ,
308 959 438 1005 Jones
474 960 742 1007 adorirentur
769 967 941 1027 totaque
968 984 1037 1012 eos
1067 971 1238 1029 regione
1268 973 1463 1016 extermi—

175 1073 327 1108 narent
374 1065 427 1111 ¹).
504 1066 636 1111 Pulsis
692 1067 875 1113 Jonihus
928 1071 1005 1114 sub
1061 1087 1209 1132 regum
1254 1087 1461 1135 potestate

175 1165 335 1211 Achaei
373 1179 616 1214 manserunt
657 1185 790 1231 usque
828 1172 881 1216 ad
922 1171 1125 1235 Ogygmn.
1201 1177 1283 1222 Hic
1321 1187 1461 1224 autem

173 1274 347 1333 ejusque
377 1274 455 1318 filii
483 1290 581 1319 cum
604 1290 691 1319 non
715 1291 765 1320 ex
793 1276 935 1337 legum
967 1278 1172 1323 avitarum
1198 1281 1459 1340 praescripto

170 1378 240 1422 sed
256 1378 477 1439 tyrannico
488 1378 805 1424 dominarentur
819 1380 1016 1441 imperio,
1032 1381 1268 1425 exacerbati
1281 1380 1457 1437 Achaei,

163 1481 326 1525 sublata
356 1483 582 1539 tyrannide
598 1517 610 1536 ‚
653 1483 981 1527 democraticam
1026 1484 1244 1543 regiminis
1274 1486 1452 1530 formam

163 1586 207 1628 in
235 1584 407 1645 singulis
432 1585 609 1629 urbibus
633 1584 891 1629 induxerunt
919 1593 962 1629 et
994 1585 1245 1630 concordiae
1276 1586 1455 1631 vinculis

170 1689 282 1731 inter
312 1702 354 1731 se
385 1689 528 1747 juncti
554 1696 827 1740 manserunt,
875 1696 917 1730 et
943 1702 1070 1740 vero,
1117 1686 1230 1746 quod
1258 1696 1456 1748 negatum

165 1791 220 1835 ab
248 1799 421 1835 auctore
447 1789 726 1835 celeberrimo
763 1789 910 1843 vide0‚
959 1789 1139 1834 foederis
1168 1790 1354 1851 aliquam
1390 1806 1456 1836 so-

160 1893 360 1938 cietatem
380 1892 670 1939 vetustissimis
681 1893 772 1953 jam
798 1892 881 1938 illis
903 1894 1167 1954 temporibus
1188 1893 1379 1957 inierunt·
1395 1895 1452 1943 2).

210 2095 243 2128 1)
291 2085 345 2119 De
381 2084 537 2120 Achaiae
575 2084 648 2119 situ
672 2091 778 2130 atque
812 2084 1142 2130 opportunitatibus
1175 2084 1286 2130 deque
1325 2084 1452 2130 priscis

160 2151 356 2188 incolarum
379 2153 465 2190 fatis
491 2152 721 2189 consulantur
744 2153 910 2199 inprimis
939 2152 1136 2189 Pausanias
1165 2153 1202 2187 in
1228 2152 1392 2189 Achaicis
1414 2162 1450 2189 et

160 2221 288 2257 Strabo
304 2246 313 2262 ‚
341 2234 489 2269 quorum
510 2221 629 2257 tamen
648 2220 708 2255 ille
724 2219 739 2261 ,’
761 2221 853 2267 quod
881 2221 925 2255 ad
949 2219 1247 2265 Chronologicum
1274 2220 1447 2255 sactorum

159 2291 321 2326 ordinem
348 2290 527 2336 pertinet,
555 2289 692 2324 summa
717 2288 881 2324 cautione
896 2287 1118 2329 adhibendus
1146 2295 1215 2323 est.
1240 2286 1297 2323 Cf.
1317 2287 1447 2336 Bayeri

152 2362 251 2407 fasti
273 2360 425 2394 Acha'ici
447 2359 638 2393 illustrati.

207 2440 241 2473 2)
290 2428 453 2474 Heynius
479 2429 516 2460 in
543 2426 689 2477 observ.
714 2426 763 2459 ad
794 2424 893 2458 Hist.
925 2424 1030 2459 Univ.
1059 2424 1267 2458 auctoribus
1298 2424 1447 2460 Guthrie

160 2505 194 2536 et
234 2500 354 2546 Gray.
394 2498 498 2533 Tom.
530 2495 582 2532 11.
615 2507 658 2541 p.
694 2495 799 2531 1029.
839 2491 1013 2539 expressis
1039 2490 1160 2528 verbis
1184 2492 1270 2529 haec
1294 2493 1445 2537 scribit:

159 2571 248 2607 »Bis
262 2570 381 2611 ,dahin
404 2568 466 2617 (ad
492 2565 687 2602 Alexandri
709 2576 816 2610 usque
841 2562 1016 2609 tempora)
1036 2575 1105 2597 war
1128 2562 1219 2597 noch
1233 2562 1316 2599 kein
1328 2560 1446 2596 Achai-

160 2638 302 2675 »ischer
314 2628 418 2674 Bund
441 2634 533 2672 noch
556 2633 841 2678 Vereinigung.’'
893 2631 1002 2677 Atqui
1026 2643 1068 2666 ex
1082 2630 1177 2666 haud
1204 2642 1273 2665 uno
1300 2627 1444 2675 Polybii
