1630 3217
764 285 820 325 33

154 432 234 476 hoc
258 432 444 475 facinore
471 425 719 471 Plutarchus
747 428 805 469 ita
832 426 1103 491 pronuntiat:
1146 423 1238 467 Ἠν
1267 426 1341 477 μὲν
1356 422 1428 468 οὖν

150 536 259 591 μέγα
285 533 333 575 τὸ
362 536 552 589 χρήματα
579 532 760 574 τοσαῦτα
796 529 963 586 πορίσαι
986 533 1073 576 τοῖς
1089 527 1280 575 πολίταις
1297 552 1316 580 ,1
1326 527 1432 568 ὅσων

151 638 331 693 σμικρὸν.
361 635 482 693 μέρος
514 635 637 679 ἄλλοι
676 637 872 692 ςρατηγοὶ
902 636 972 676 καὶ
1002 632 1239 688 δημαγωγοὶ
1269 629 1432 687 λαμβά-

151 755 293 791 νοντες
314 742 429 796 παρὰ
457 737 679 799 βασιλέων,
706 727 879 793 ἠδίκουν
909 740 980 782 καὶ
1009 735 1333 780 κατεδουλοῦντο
1362 736 1433 775 καὶ

152 842 380 899 προέπινον
409 844 551 894 αὐτοῖς
577 846 653 893 τοϊς
684 844 904 901 πατρίδας.
967 842 1116 902 Neque
1138 850 1279 883 tamen
1306 839 1430 883 facile

154 949 304 992 Aratus
362 950 489 992 tantis
544 948 860 993 difficultatibus
904 922 1172 1008 expediendis
1212 962 1318 991 unus
1354 961 1431 1005 par

152 1061 256 1099 erat.
321 1053 481 1096 Litium
507 1053 633 1112 igitur
668 1052 855 1112 quamvis
870 1050 1204 1094 dirimendarum
1218 1049 1431 1108 totiusque

149 1156 307 1222 negotii
349 1153 670 1199 administrandi
708 1168 808 1197 cura
850 1155 893 1197 ei
936 1153 1011 1198 soli
1043 1152 1237 1197 mandata
1273 1152 1422 1205 fuerit,

148 1256 392 1316 quindecim
423 1256 530 1300 viros
558 1266 699 1300 tamen
720 1256 765 1298 in
792 1255 1013 1301 consilium
1033 1254 1329 1299 sibiadhibere
1344 1270 1429 1298 non

148 1359 358 1403 dubitavit
374 1393 385 1413 ‚
418 1360 502 1402 sive
527 1359 641 1420 quod
669 1361 784 1403 tanta
814 1369 1017 1419 potestate
1040 1360 1207 1403 modice
1231 1360 1295 1403 uti
1322 1359 1429 1402 rnal-

147 1463 232 1516 let,
266 1464 348 1507 sive
377 1464 489 1524 quod
517 1463 571 1508 de
600 1465 890 1509 controversiis
915 1464 997 1510 illis
1013 1499 1025 1520 ,
1058 1465 1229 1525 propria
1264 1473 1428 1509 tantum

151 1566 398 1610 auctoritate
425 1566 725 1627 componendis
741 1602 752 1621 ‚
786 1567 1037 1627 desperaret.
1103 1567 1319 1628 Quidquid
1336 1574 1422 1611 est:

147 1684 210 1715 res
234 1672 369 1715 multo
402 1687 500 1716 cum
529 1671 674 1716 labore
704 1671 757 1715 ad
787 1672 924 1715 finem·
944 1672 1148 1731 perducta
1163 1670 1218 1730 '‘et
1249 1685 1329 1729 pax
1357 1670 1425 1711 ei-

147 1774 269 1817 vitati
297 1774 462 1818 reddita
489 1776 571 1819 fuit
609 1776 676 1827 ¹),
710 1790 848 1835 neque
878 1791 901 1817 a
931 1776 1091 1819 civibus
1126 1783 1292 1818 tantum
1322 1774 1424 1817 uni-

145 1877 270 1919 versis
297 1877 502 1936 praeclari
533 1879 729 1922 facinoris
758 1849 909 1925 Aratus
932 1880 1118 1940 praemia
1143 1880 1267 1940 digna
1293 1880 1423 1933 tulit,

148 1978 220 2022 sed
251 1979 386 2023 exules
415 1981 542 2024 etiam
567 1991 743 2026 statuam
770 1983 810 2025 ei
836 1991 1065 2043 posuerunt
1088 1998 1262 2027 aeneam
1280 2018 1290 2037 ,
1306 1968 1423 2042 mag-

144 2083 268 2127 nifica
291 2084 562 2144 inscriptione
587 2095 789 2131 ornatam.

207 2186 288 2243 Qui
331 2201 426 2231 vero
475 2188 626 2248 insigni
665 2189 746 2233 hoc
786 2189 946 2234 honore
990 2192 1266 2253 omniumque
1298 2192 1422 2236 laude

147 2300 315 2336 ornatus
354 2301 440 2335 erat
459 2327 470 2346 ,
520 2293 633 2337 idem
650 2328 662 2347 ‚
696 2310 745 2338 ex
774 2311 858 2354 quo
885 2295 1109 2352 Sicyonem
1139 2296 1316 2340 Achaeis
1345 2298 1423 2340 ad-

138 2395 362 2453 junxerat,
395 2397 554 2458 insigne
583 2398 812 2443 modestiae
835 2415 932 2444 suae
960 2410 1002 2445 et
1032 2398 1315 2445 continentiae
1327 2417 1421 2461 spe·

195 2568 226 2602 1)
274 2559 304 2593 O
330 2561 442 2594 virum
469 2574 654 2607 magnum,
683 2564 855 2601 exclamat
880 2555 1025 2607 Cicero,
1053 2566 1263 2613 dignumque
1300 2567 1359 2612 qui
1385 2567 1419 2599 in

142 2628 262 2666 nostra
285 2627 464 2676 republica
487 2638 589 2677 natus
614 2641 719 2669 esset.
768 2627 822 2670 Π).

1268 2707 1294 2745 3
