1630 3217
747 313 831 359 106

133 455 185 499 tis
228 471 307 501 nee
347 470 431 500 non
479 465 522 500 et
567 457 774 511 Achaeis,
826 468 867 503 et
923 461 1297 517 LacedaemoniiS,
1348 480 1427 525 pro

129 557 404 604 Macedoniae
461 561 641 621 imperio
693 562 946 624 pugnandO,
1007 564 1272 626 periclitari?
1352 566 1423 613 Sic

130 663 394 723 potissimum
428 664 605 716 Aratus,
655 679 796 726 regem
825 666 876 710 de
914 667 1041 727 ipsius
1080 670 1273 729 periculo
1301 687 1422 717 com-

131 763 373 817 monendo,
415 765 529 826 quod
560 768 782 828 sperabat,
827 778 1085 815 assecuturus
1124 787 1210 817 esse
1250 768 1423 820 v'ideba-

129 876 211 913 tur.
277 866 552 931 S'ubjungunt
583 878 725 915 autem
758 870 910 933 legati:
947 874 1097 935 quodsi
1129 876 1301 931 Aetoli,
1335 893 1421 939 pu·—

128 971 233 1015 dore
266 971 475 1026 cohibiti,
521 974 576 1016 ob
623 974 853 1030 beneficia,
899 978 952 1022 ab
986 977 1165 1023 Achaeis
1192 980 1304 1025 bello
1331 981 1422 1025 De·-

127 1074 332 1119 metriaco
363 1083 535 1135 accepta
555 1109 567 1129 ‚
612 1076 799 1136 quietem
839 1093 881 1123 se
912 1093 1035 1139 agere
1062 1080 1168 1125 velle
1199 1081 1420 1129 simulave-

126 1176 238 1231 rint,
287 1178 433 1238 prouti
466 1177 668 1224 hactenus
716 1182 911 1227 fecissent
933 1218 944 1238 ‚
995 1195 1086 1230 tum
1115 1187 1289 1248 quidem
1315 1190 1421 1235 solos

125 1282 314 1327 Achaeos
340 1296 438 1328 eum
469 1283 698 1331 Cleomene
726 1286 885 1332 bellurn
909 1298 1093 1349 gesturos
1113 1326 1124 1345 ,
1146 1300 1191 1336 et
1206 1326 1218 1346 ,
1253 1294 1418 1338 favente

125 1391 295 1435 fortuna
321 1425 333 1445 ,
397 1390 507 1436 nihil
549 1393 758 1438 sociorum
803 1395 958 1440 auxilio
1017 1413 1119 1458 opus
1163 1398 1266 1445 fore.
1343 1399 1417 1444 Sin

125 1495 342 1554 Spartanis
386 1495 606 1540 inferiores
646 1498 805 1541 fuerint
845 1507 886 1542 et
930 1513 1026 1542 cum
1068 1499 1151 1543 illis
1191 1514 1234 1542 se
1275 1499 1417 1543 Aetoli

122 1598 448 1658 conjunxerint,
481 1598 533 1644 ad
565 1615 635 1654 ea,
668 1616 776 1661 quae
796 1609 1043 1661 agerentur,
1075 1601 1291 1649 advertere
1317 1619 1414 1648 eum

121 1704 311 1748 animum
359 1703 692 1748 adhortabantur
752 1720 889 1766 neque
951 1718 1093 1749 rerum
1138 1705 1413 1766 gerendarum

120 1810 263 1855 deesse
307 1809 701 1871 opportunitatibus
732 1845 745 1865 ,
809 1810 880 1854 sed
922 1809 1260 1871 Peloponnesiis,
1310 1810 1412 1855 dum

119 1915 274 1960 servari
308 1915 447 1960 adhuc
481 1924 677 1978 possenti,
712 1930 838 1976 opem
865 1914 1150 1976 suppeditare.
1189 1914 1411 1960 Caeterum

120 2018 173 2062 de
203 2018 286 2062 fide
332 2019 580 2079 praestanda
621 2027 665 2064 et
696 2019 920 2064 referenda
951 2020 1082 2079 gratia
1119 2035 1204 2063 non
1231 2033 1410 2079 magno-

116 2137 218 2183 pere
241 2121 304 2166 illi
325 2137 411 2167 esse
429 2156 442 2175 ,
477 2120 590 2183 quod
613 2121 853 2169 laboraret:
904 2121 1082 2168 Aratum
1107 2122 1220 2167 enim
1247 2122 1383 2184 ipsum
1398 2158 1408 2176 ‚

116 2243 216 2272 eum
245 2235 410 2287 tempus
438 2226 712 2280 admoneret,
748 2226 848 2271 fidei
872 2227 1048 2288 pignora
1071 2226 1264 2286 utrisque
1291 2232 1405 2285 grata

115 2330 386 2373 inventurum
416 2328 727 2386 pollicebantur
747 2363 758 2382 ,
807 2329 1052 2390 pariterque
1089 2328 1376 2373 indicaturum
1394 2364 1408 2383 ‚

115 2431 283 2494 quando
327 2430 378 2475 ad
422 2430 622 2475 auxilium
653 2432 884 2477 serendum
928 2441 1407 2497 tempusopportunum

116 2534 329 2579 videretur
369 2529 421 2579 ¹).

165 2688 195 2721 ι)
243 2681 369 2731 Polyb.
394 2681 444 2718 11.
470 2684 529 2719 49.
