1630 3217
770 286 825 327 58

156 437 294 473 morte
312 463 323 484 ‚
372 427 521 490 opibus
550 442 592 473 se
621 428 744 490 regiis
766 427 1025 480 ,destitutum
1068 427 1239 475 sentiret
1278 430 1441 476 Aristo-

154 532 328 578 machus
356 567 368 586 ,
430 533 696 580 Achaeorum
752 531 947 595 inprimis
1000 543 1116 578 metu
1170 542 1401 578 commotus
1427 568 1438 587 ,

154 636 363 707 faciliores
393 637 514 682 Arati
544 622 920 683 adhortationibus
939 653 1058 683 aures
1084 637 1318 699 praebuit,'
1340 650 1442 699 pac-

154 751 283 805 toque
313 741 421 786 inito
440 775 453 795 ,
485 742 670 788 foederis
696 744 910 805 particeps
936 745 1070 789 factus
1095 751 1156 789 est
1193 738 1249 791 ¹).

213 848 313 892 Post
356 846 470 891 illius
516 847 710 907 inprimis
750 847 957 891 Demetrii
1000 862 1185 908 regnum
1224 848 1411 892 decenne
1429 881 1441 899 ‚

155 950 211 996 de
237 966 321 1012 quo
346 950 391 992 in
421 946 596 993 historia
621 955 836 992 caeterum
859 964 1012 1008 parum
1035 958 1197 995 constat
1234 951 1275 1010 2)
1293 970 1321 1005 ,ἰ
1338 950 1442 994 laeta

153 1053 200 1098 in
226 1053 351 1098 rebus
377 1050 644 1097 Achaeorum
679 1049 866 1095 obtinuit
895 1034 1118 1121 conversio
1142 1053 1444 1114 opportunita-

153 1165 302 1219 tesque
331 1155 413 1200 sibi
441 1155 592 1199 Aratus
621 1154 674 1198 ad
715 1154 935 1216 inceptum
972 1169 1095 1199 suum
1133 1156 1443 1217 exsequendum

155 1259 317 1303 oblatas
361 1259 467 1303 vidit
504 1258 850 1318 exoptatissimus,
922 1259 1043 1303 Tunc
1083 1261 1198 1304 enim
1216 1294 1228 1314 ,
1272 1270 1443 1306 auctore

154 1364 358 1423 Polybio,
406 1372 614 1423 quotquot
664 1363 784 1407 fuere
824 1363 868 1407 in
913 1364 1200 1424 Peloponneso
1242 1365 1442 1423 tyranni,

152 1480 228 1527 spe
266 1465 383 1510 omni
423 1464 643 1519 destituti,
690 1465 847 1525 partim
891 1466 946 1510 ob
982 1464 1190 1512 Demetrii
1232 1475 1412 1512 'mortem
1429 1499 1443 1520 ,

150 1570 227 1632 qui
262 1568 345 1614 suis
394 1567 489 1612 illos
530 1569 682 1630 opibus
737 1576 1038 1614 sustentaverat
1075 1574 1144 1629 ³),
1189 1570 1346 1631 partim
1387 1571 1442 1613 ob

148 1673 443 1719 imminentem
484 1673 674 1734 ipsorum
700 1674 936 1718 cervicibus
964 1675 1142 1718 Aratum
1160 1708 1172 1728 ‚
1221 1674 1297 1735 qui
1320 1669 1442 1718 abdi-

151 1790 247 1822 care
283 1785 483 1838 tyrannos
511 1777 681 1822 volebat
702 1787 746 1822 et
775 1787 925 1838 sponte
951 1780 1024 1823 sua
1053 1754 1281 1840 imperium
1309 1780 1441 1841 depo-

148 1875 349 1927 nentibus
373 1897 525 1942 magna
552 1883 741 1944 praemia
766 1889 893 1942 atque
926 1881 1106 1926 honores
1131 1882 1414 1942 pollicebatur
1427 1918 1439 1936 ,

146 1975 422 2034 renuentibus
448 2002 546 2032 vero
577 1988 737 2047 majora
769 1986 908 2041 ,etiam
936 1986 1047 2030 mala
1088 1986 1368 2031 minitabatur
1397 1994 1439 2030 et

147 2093 337 2154 pericula
362 2094 416 2136 ab
455 2092 635 2138 Achaeis
669 2080 859 2138 timenda
876 2124 892 2147 ,
939 2092 1162 2137 consilium
1206 2099 1408 2150 ceperunt
1424 2124 1436 2142 ‚

147 2198 369 2255 tyrannide
422 2205 570 2257 sponte
621 2197 743 2241 exuta
772 2229 785 2250 ,
847 2196 1029 2255 patriam
1082 2184 1288 2255 quisquess
1322 2208 1437 2237 suam

147 2297 357 2344 liberandi
388 2306 431 2342 et
456 2296 717 2357 reipublicae
738 2294 1007 2341 Achaeorum
1031 2293 1303 2355 adjungendi.
1342 2294 1408 2338 lta
1424 2329 1435 2348 ‚

194 2513 229 2546 1)
277 2502 405 2551 Polyb.
430 2502 481 2539 11.
505 2515 539 2550 p.
569 2502 650 2538 131.
674 2500 773 2538 Plut.
799 2514 831 2537 c.
857 2500 994 2537 XXXV.

191 2583 225 2614 2)
276 2572 333 2610 Cf.
358 2573 515 2609 Heeren.
542 2573 702 2608 Staaten
724 2573 783 2607 des
808 2572 1046 2609 Alterthums.
1068 2585 1107 2618 p.
1135 2574 1217 2610 323.

192 2652 223 2685 5)
275 2645 310 2689 ὃς
335 2638 378 2691 ἧν
406 2646 532 2686 αὐτοῖς
559 2646 673 2682 οἱονεὶ
699 2646 855 2692 χορηγὸς
881 2646 943 2679 καὶ
968 2646 1199 2690 μισθοδότης
1220 2643 1311 2680 LII.
1336 2643 1438 2677 e.44.
