1630 3217
776 290 861 336 116

167 441 317 495 putum
363 432 641 478 obtinendum
688 445 886 480 vocarent
941 439 993 498 ¹).
1060 437 1294 497 ’Polybium
1311 470 1334 493 ,‚
1376 436 1460 484 'hac
1514 436 1516 439 ’

169 541 216 584 in
243 554 290 584 re
308 573 321 592 ,
356 553 626 601 ‘magnopere
656 554 835 594 errasse,
884 539 1069 601 plurima
1105 549 1333 595 testantur:
1383 541 1459 602 qu'i

170 658 313 699 error,
348 645 560 690 undenam
589 641 861 705 explicandus
889 643 968 699 sit,
1000 643 1193 705 pluribus
1227 643 1337 689 infra
1378 656 1456 689 ex-

167 764 342 809 ponam.

231 851 376 896 Rebus
406 853 535 911 igitur
565 848 834 894 Achaeorum
860 856 1083 909 tantopere
1111 851 1303 905 afflictis,
1343 846 1459 894 'nihil

167 951 382 1014 plerisque
432 951 588 1013 reliqui
637 929 895 1007 videbatur,
961 967 1091 1013 quam
1143 963 1190 998 ut
1233 955 1376 1015 pacis,
1424 970 1460 998 a

171 1054 399 1100 Cleomene
431 1055 630 1109 oblatae,
681 1055 945 1100 conditiones
1002 1054 1271 1116 acciperent,
1319 1072 1457 1117 neque

169 1160 349 1205 Aratum
389 1159 550 1205 diutius
595 1159 855 1214 audiebant,
904 1160 957 1204 ab
995 1160 1201 1220 ejusmodi
1236 1159 1329 1205 illos
1355 1175 1463 1221 pro-

170 1264 309 1324 posito
349 1264 614 1325 exsequendo
656 1266 891 1308 absterrere
933 1264 1053 1307 omni
1091 1278 1180 1324 ‘ope
1223 1272 1461 1311 conantem.

173 1371 236 1414 Οὐ
265 1375 486 1427 προσεῖχον
513 1370 630 1426 αὐτῷ
660 1372 732 1413 τοῦ
761 1367 1027 1423 Κλεομένους
1063 1369 1393 1425 ἐκπεπληγμένοι
1415 1371 1463 1412 τὸ
1488 1340 1490 1343 >

167 1477 325 1532 θράσος
341 1507 355 1528 ,
388 1472 500 1517 ἀλλὰ
522 1475 594 1529 καὶ
622 1473 796 1518 δικαίαν
826 1474 1044 1517 ἐποιοῦντο
1073 1475 1151 1527 τὴν
1175 1472 1346 1524 ἀξίωσιν
1373 1475 1461 1520 τῶν

167 1565 522 1631 Λακεδαιμονίων
554 1576 611 1625 εἷς
642 1573 690 1618 τὸ
727 1575 907 1631 πάτριον
935 1576 1071 1631 σχῆμα
1097 1578 1360 1629 κοσμούντων
1382 1576 1461 1630 τὴν

169 1678 500 1732 Πελοπόννησον
537 1676 591 1720 2).
658 1676 871 1731 Quaenam
893 1682 1037 1718 autem
1059 1676 1174 1734 pacis
1201 1676 1461 1721 conditiones

169 1780 360 1833 fuerint,
394 1779 550 1838 quibus
577 1777 805 1838 propositis
823 1811 835 1830 ,
869 1776 922 1821 ad
952 1792 995 1821 se
1025 1777 1235 1823 adducere
1264 1777 1457 1824 Cleome-

166 1896 240 1927 nes
254 1862 444 1926 Achaeos
476 1879 711 1934 studuerit,
733 1880 869 1942 'refert
897 1879 1173 1928 Plutarchus:
1211 1885 1237 1926 ὁ
1258 1883 1303 1927 δὲ
1319 1883 1457 1929 Κλεο-

163 1985 293 2042 μένης
309 2019 322 2039 ,
348 1962 490 2046 inquit
508 2018 521 2039 ,
548 1986 715 2042 πρῶτον
730 1985 808 2040 μὲν
821 1983 971 2042 μέτρια
993 1989 1079 2035 τοῖς
1107 1985 1308 2043 Ἀχαιοῖς
1325 1986 1457 2038 ἐδόκει

164 2091 385 2150 πρέσβεσιν
428 2093 697 2141 ἐπιτάττειν,
751 2087 915 2145 ἑτέρους
962 2087 1006 2132 δὲ
1051 2087 1227 2142 πέμπων
1267 2087 1457 2131 ἐκέλευεν

217 2280 251 2313 ¹)
297 2267 571 2314 Discrepantia‚
610 2270 649 2305 ni
686 2268 814 2312 fallor,
864 2269 952 2306 satis
984 2276 1111 2317 aperta
1149 2275 1217 2303 est.
1283 2266 1457 2312 Quocirca

167 2334 342 2373 calculum
379 2335 554 2381 adponere
590 2338 786 2374 sententiae
822 2337 1004 2374 Mannerti
1042 2338 1099 2373 vix
1123 2338 1254 2384 possim
1278 2336 1305 2374 l.
1328 2337 1400 2374 111.
1425 2352 1456 2374 c.

166 2408 190 2441 6
213 2405 253 2440 ‘in
279 2404 363 2440 Not.
390 2404 441 2440 sic
479 2403 694 2441 statuentis:
728 2404 900 2452 Polybius
932 2406 1007 2440 und
1035 2406 1214 2441 Plutarch
1238 2408 1450 2453 widerspre-

165 2473 252 2507 chen
289 2473 459 2507 einander
494 2475 532 2507 in
569 2473 690 2507 keiner
728 2474 926 2510 Thatsache
964 2475 1019 2510 bei
1052 2476 1163 2511 dieser
1196 2488 1344 2522 ganzen
1381 2477 1455 2511 Ge-

167 2540 327 2575 schichte.

215 2611 248 2645 2)
296 2606 342 2643 'V-
367 2607 502 2645 Cleom.
527 2622 565 2667 ⁰⁸,
584 2607 680 2648 XVI.
