1630 3217
800 297 886 341 118

261 442 315 488 In
341 441 421 485 alia
446 441 717 485 historiarum
748 450 869 501 parte
901 442 1133 502 Polybius,
1180 444 1254 488 ubi
1279 444 1333 488 de
1357 432 1496 491 facui-

198 544 358 591 tatibus
387 543 601 607 disputat,
649 560 757 605 quae
797 545 843 589 in
880 544 965 591 illis
982 579 996 602 ,
1042 548 1118 610 qui
1145 548 1271 593 rebus
1299 548 1494 609 gerendis

201 657 436 710 praesunt,
469 650 747 713 requiruntur
761 649 996 695 necessario
1014 685 1028 706 ,
1061 650 1123 697 ita
1138 650 1356 714 loquitur:
1390 651 1495 703 ’Ὲςι

206 756 247 803 δ’
274 756 381 818 ἀρχὴ
406 758 487 815 μὲν
508 760 557 802 τὸ
585 761 710 816 σιγᾷν
738 757 811 801 καὶ
833 760 935 816 μήτε
962 755 1035 802 διὰ
1060 757 1195 816 χαρὰν
1209 789 1223 811 ,
1254 754 1496 814 παραδόξου

203 865 550 926 προφαινομένης
590 861 792 914 ἐλπίδος,
838 863 941 915 μήτε
971 860 1045 905 διὰ
1091 864 1255 922 φόβον,
1298 865 1397 917 μήτε
1425 860 1502 905 διὰ

202 971 463 1022 συνήθειαν,
507 969 610 1021 μήτε
648 965 721 1008 διὰ
758 962 1061 1020 φιλοςοργίαν,
1104 963 1379 1017 μεταδιδόναι
1417 980 1501 1018 μη-

203 1067 296 1114 δενὶ
324 1070 412 1114 τῶν
443 1070 571 1119 ἐκτός·
604 1068 748 1119 αὐτοῖς
789 1064 835 1111 δὲ
879 1069 1188 1113 κοινωνοῦσθαι
1217 1069 1402 1120 τούτοις,
1435 1055 1500 1111 ὧν

201 1171 325 1228 χωρὶς
353 1170 431 1229 οὐχ
454 1167 545 1217 οἶόν
570 1186 615 1214 τε
639 1171 687 1213 τὸ
714 1169 924 1227 προτεθὲν
952 1168 1022 1212 ἐπὶ
1062 1148 1182 1218 τέλος
1220 1167 1398 1221 ἀγαγεῖν
1424 1168 1498 1212 καὶ

202 1275 368 1322 τούτοις
400 1274 456 1327 μὴ
496 1275 699 1330 πρότερον
737 1271 834 1316 ἀλλ’
865 1272 971 1318 ὅταν
1011 1275 1039 1317 ὁ
1073 1275 1151 1327 τῆς
1179 1274 1332 1321 ἑκάςου
1361 1272 1502 1330 χρείας

205 1374 351 1431 καιρὸς
380 1373 667 1432 ἐπαναγκάζῃ”
704 1376 778 1432 χρὴ
816 1373 862 1418 δὲ
891 1377 1017 1432 σιγᾷν
1040 1376 1096 1430 μὴ
1124 1375 1255 1430 μόνον
1282 1377 1336 1431 τῇ
1361 1373 1502 1429 γλώτ-

204 1492 259 1535 τῃ
277 1507 292 1529 ,
323 1474 433 1518 πολύ
464 1474 698 1530 δὲμᾶλλον
725 1479 779 1531 τῇ
813 1479 935 1533 ψυχῇ
970 1472 1023 1521 ¹).
1087 1473 1189 1518 Jam
1222 1489 1321 1519 vero
1337 1509 1351 1530 ,
1393 1474 1499 1521 haec

205 1575 349 1620 omnia
378 1577 570 1638 apprime
598 1576 643 1619 in
676 1574 861 1619 Aratum
888 1574 1113 1635 quadrant.
1178 1573 1259 1619 Cui
1281 1575 1397 1619 enim
1422 1590 1499 1635 per

204 1685 270 1721 tot
301 1686 406 1722 esset
438 1686 612 1738 tamque
651 1676 878 1735 impeditos
916 1676 1082 1720 viarum
1111 1676 1322 1721 anfractus
1348 1691 1499 1736 proee-

208 1778 427 1833 dendum,
475 1779 557 1824 nisi
606 1779 703 1833 „ad
741 1779 962 1824 tractanda
991 1789 1035 1825 et
1059 1779 1294 1825 simulanda
1334 1781 1502 1841 negotia

212 1881 437 1936 „altitudo
490 1882 651 1941 ingenii
692 1881 986 1925 incredibilis”
1031 1881 1176 1926 fuisset
1192 1913 1207 1935 ,
1253 1881 1335 1926 nisi
1377 1881 1500 1927 silere

206 1984 351 2030 animo
369 2017 385 2038 ,
416 1983 575 2030 nedum
608 1984 751 2045 lingua
768 2019 780 2039 ,
815 1983 952 2030 donec
988 1993 1156 2045 tempus
1183 1983 1385 2046 loquendi
1414 2001 1499 2047 op-

205 2097 439 2151 portunum
466 2087 629 2133 adesset
646 2122 659 2142 ‚
706 2087 899 2132 valuisset
926 2087 994 2132 vel
1021 2086 1202 2131 maxime
1217 2120 1230 2141 ‚
1277 2087 1499 2147 pervenire

209 2193 402 2254 profecto
416 2228 430 2249 ,
463 2210 549 2255 quo
570 2194 771 2240 tendebat
788 2227 802 2249 ‚
831 2208 1102 2256 nequaquam
1121 2191 1342 2254 potuisset.
1405 2188 1499 2236 Ve-

211 2309 309 2340 rum
328 2329 341 2349 ,
387 2293 493 2339 haee
517 2297 696 2350 mentis,
744 2297 789 2341 in
832 2313 878 2342 re
917 2296 1158 2358 gravissima
1183 2329 1195 2350 ,
1236 2295 1498 2343 taciturnitas

211 2407 254 2445 et
285 2397 564 2444 dissimulatio
582 2432 595 2453 ,
640 2398 893 2460 exsequendi
937 2398 1143 2462 propositi
1178 2398 1345 2445 nonnisi
1368 2413 1465 2461 pars
1481 2434 1498 2453 ,

265 2612 297 2648 ¹)
345 2611 405 2648 IX.
432 2623 464 2649 c.
491 2614 549 2651 13.
