1630 3217
766 297 851 339 148

154 437 354 499 Polybius
396 445 436 480 et
469 436 718 481 Plutarchus
761 452 833 481 sua
878 437 1130 492 hauserint,
1176 452 1301 499 supra
1334 453 1432 484 mo-

157 542 324 585 nuimus
338 573 352 594 ,
380 550 525 603 sponte
552 542 597 586 in
623 542 763 586 locum
793 541 982 597 incidet,
1015 558 1097 603 quo
1114 542 1185 586 ille
1200 558 1241 587 se
1257 544 1301 587 in
1316 541 1432 586 hisce

155 647 280 692 rebus
308 648 548 693 enarrandis
576 647 694 692 Arati
723 634 905 696 maxime
931 649 1103 709 vestigia
1137 648 1328 708 pressisse
1354 655 1435 691 tes-

155 759 283 797 tatur.
348 752 496 796 Mirari
525 759 639 797 certe
667 751 821 796 multos
845 752 991 796 subeat
1016 760 1227 797 auctorem
1240 751 1433 812 gravissi-

153 868 272 897 mum
317 854 478 914 quique
512 853 695 896 officium
721 852 913 896 historici
940 869 1066 915 quam
1095 855 1226 916 probe
1247 860 1434 906 teneret,

159 957 273 1002 haud
295 973 379 1002 uno
411 958 504 1001 loco
535 956 772 1001 luculenter
809 943 1109 1010 declaraverit,
1157 959 1201 1002 in
1230 968 1316 1003 tam
1345 973 1436 1003 sus-

162 1068 287 1122 pecto
328 1059 495 1120 negotio
513 1093 526 1112 ‚
571 1059 699 1119 ipsius
739 1059 801 1102 rei
823 1073 908 1102 non
937 1057 1292 1112 dico'audivisse‚
1326 1059 1439 1120 quod

163 1161 350 1220 aequitas
378 1160 615 1221 postulabat
632 1195 645 1216 ,
660 1133 749 1205 'sed
768 1194 779 1214 ,
812 1158 1062 1221 posthabitis
1089 1158 1181 1204 aliis
1196 1193 1210 1214 ‚
1231 1158 1442 1205 admisisse

164 1263 453 1308 testimonium
496 1264 634 1325 deque
675 1264 874 1324 singulari
910 1266 997 1323 ejus
1038 1263 1121 1309 fide
1157 1263 1444 1324 palamfuisse

164 1368 398 1429 professum
417 1402 430 1422 ‚
478 1384 604 1429 quem
645 1378 687 1413 et
714 1370 851 1413 facere
884 1377 926 1412 et
953 1368 1093 1413 dicere
1118 1370 1250 1413 multa
1269 1403 1281 1422 ‚
1313 1369 1443 1413 simu-

164 1471 280 1513 landi
316 1486 465 1525 causa,
514 1472 639 1515 fuisse
665 1476 856 1515 coactum
872 1506 884 1526 ,
918 1487 1148 1532 eorumque
1177 1472 1378 1517 nonnulla
1398 1473 1443 1517 in

164 1575 476 1621 commentariis
505 1576 587 1619 suis
612 1575 793 1619 omisisse
816 1574 906 1635 ipse
930 1576 1124 1622 affirmat.
1183 1576 1440 1637 Propensum

164 1681 333 1741 Polybii
366 1661 410 1723 in
449 1679 626 1723 Aratum
651 1678 841 1722 animum
857 1712 868 1731 ‚
902 1694 988 1722 uno
1014 1678 1195 1722 alterove
1220 1679 1410 1738 exemplo
1425 1712 1440 1732 ,

166 1783 446 1830 ostendamus.
510 1782 639 1826 Libro
675 1799 717 1829 v.
761 1798 800 1827 c.
849 1783 910 1829 ΙΙ.
944 1799 982 1829 c,
1014 1785 1094 1836 46,
1138 1794 1359 1844 postquam
1389 1785 1442 1829 de

164 1887 385 1934 hostilibus
415 1885 659 1931 Aetolorum
686 1884 731 1928 in
752 1884 938 1930 Achaeos
965 1884 1144 1945 inceptis
1172 1885 1299 1929 verba
1326 1885 1439 1930 fece-

165 2000 258 2047 rat,
292 1992 350 2035 ita
379 1989 622 2050 subjungit:
657 1989 679 2031 ὃ
711 1987 762 2043 δὴ
794 1990 865 2032 καὶ
897 1987 1053 2047 ταχέως
1084 1990 1139 2034 ἂν
1171 1990 1215 2032 ἐκ
1246 1989 1332 2033 τῶν
1363 1991 1442 2033 κά-

165 2114 221 2138 τα
266 2095 390 2147 λόγον
422 2093 693 2146 ἐπετέλεσαν,
727 2095 763 2135 εἰ
791 2096 845 2148 μὴ
878 2095 924 2136 τὸ
956 2095 1214 2149 κυριώτατον
1245 2093 1444 2151 παρεῖδον

164 2201 238 2251 τῆς
268 2195 512 2252 προθέσεως“
545 2195 592 2238 οὐ
623 2194 960 2251 συλλογισάμενοι
992 2196 1099 2238 διότι
1122 2201 1214 2246 ταῖς
1229 2195 1444 2255 ἐπιβολαῖς

167 2299 369 2355 ”Λρατον
397 2299 561 2349 ἕξουσιν
591 2301 880 2356 οἷνταγωνιςὴν
910 2294 1047 2359 ἄνδρα
1067 2301 1299 2355 δυνάμενον
1313 2304 1443 2357 πάσης

169 2403 353 2459 εὐςοχεῒν
384 2407 638 2470 περιςάσεως.
671 2407 891 2460 τοιγαροῦν
921 2407 1168 2461 ὁρμήσαντες
1198 2406 1266 2447 ἐπὶ
1292 2407 1339 2448 τὸ
1365 2423 1462 2449 no-

171 2505 480 2561 λυπραγμονεῒν
501 2507 572 2549 καὶ
600 2508 745 2564 χειρῶν
766 2509 908 2565 ἄρχειν
934 2508 1091 2554 ἀδίκων
1106 2542 1120 2563 ,
1153 2509 1226 2567 οὐχ
1240 2506 1329 2555 οἷον
1342 2513 1447 2566 ἤνυ-

171 2613 248 2655 σάν
285 2626 327 2654 τι
369 2612 454 2654 τῶν
495 2609 819 2666 ἐπινοηθέντων“
867 2609 976 2655 ἀλλὰ
1004 2611 1255 2658 τούναντίον
1281 2611 1449 2656 καὶτὸν
