1630 3217
749 284 832 325 127

217 437 384 484 Aratus‘
401 464 416 487 ,
458 430 535 491 qui
564 426 761 496 oblatam
796 426 877 472 sibi
918 425 1164 469 Praeturam
1206 431 1441 470 constanter

148 542 361 588 &hactenus
379 571 392 592 ,
438 550 539 581 cum
578 532 809 577 multorum
831 528 1167 589 reprehensione
1201 528 1452 588 repudiave-

156 654 249 698 rat,
296 639 491 691 tandem,
537 635 621 682 sive
667 635 825 679 civium
866 633 1058 694 periculo
1085 641 1334 687 commotus,
1358 633 1446 678 sive

150 746 274 809 quod
308 742 580 789 consiliorum
609 755 782 786 suorum
809 739 1176 801 exsequendorum
1204 740 1449 785 liberiorem

158 867 200 897 se
226 857 450 894 nacturum
471 845 717 892 facultatem
741 855 954 907 speraret,
987 828 1230 890 Praetorem
1258 861 1302 890 se
1319 879 1332 900 ‚
1348 860 1448 890 cum

157 954 284 1016 pleno
317 967 461 997 rerum
502 952 678 997 arbitrio
695 985 708 1005 ‚
757 950 833 1010 qui
856 948 998 993 honor
1028 950 1074 994 in
1100 949 1319 994 neminem
1350 955 1448 991 ante

150 1056 334 1100 collatus
370 1054 508 1098 fuerat
523 1088 537 1108 ‚
586 1053 720 1099 creari
748 1069 891 1114 passus
915 1062 976 1098 est
1007 1026 1353 1113 delectorumque
1380 1051 1449 1097 ci-

159 1157 276 1202 vium
303 1155 514 1218 praesidio
537 1155 711 1203 muniri.
774 1156 854 1200 Per
879 1164 964 1201 tres
977 1155 1107 1216 igitur
1122 1170 1284 1201 menses
1297 1154 1446 1200 urbem

157 1258 324 1305 obsedit
367 1258 610 1305 Cleomenes
626 1292 639 1314 ‚
685 1266 978 1320 perseverante
1022 1258 1152 1305 Arato
1181 1258 1451 1319 multumque
1497 1236 1499 1238 Ι

159 1363 382 1407 dubitante
413 1377 467 1405 an
492 1360 851 1406 Acrocorinthum
877 1362 1112 1407 traditurus
1136 1371 1243 1409 esset
1273 1363 1450 1424 Antigo-

161 1482 232 1513 ne.
295 1467 474 1512 Interim
499 1465 660 1510 Achaei
689 1466 868 1525 Aegium
895 1475 1176 1510 convenerant
1187 1481 1323 1528 eoque
1337 1466 1451 1511 Ara-

162 1579 255 1614 tum
282 1571 506 1617 vocabant.
566 1570 658 1614 Hac
682 1578 825 1637 autem
851 1571 1167 1631 opportunitate
1202 1571 1451 1616 multitudi-

161 1674 228 1717 nis
253 1689 350 1733 erga
374 1688 473 1718 eum
502 1688 643 1718 sensus
667 1673 990 1726 amantissimus,
1019 1674 1176 1717 mirum
1202 1674 1247 1716 in
1261 1673 1453 1728 modum,

163 1774 323 1829 eluxit,
356 1783 398 1820 et
425 1790 553 1820 nemo
592 1775 790 1836 profecto
819 1775 873 1820 sit
890 1810 903 1830 ,
937 1775 1019 1820 nisi
1045 1776 1119 1837 qui
1145 1776 1454 1823 humanitatem

164 1877 287 1939 plane
318 1876 499 1930 exuerit,
532 1877 637 1937 quin
664 1876 774 1922 hanc
802 1892 970 1923 scenam
999 1879 1154 1924 mentis
1180 1879 1313 1926 oculis
1337 1881 1454 1926 intu-

158 1980 273 2024 endo
318 1981 573 2030 commoveri
610 1996 653 2025 se
697 1982 1020 2045 contristarique
1064 1985 1233 2031 sentiat.
1312 1987 1454 2043 Quum

165 2099 318 2144 nempe
359 2082 488 2129 hostis
533 2083 587 2128 ad
631 2084 782 2130 urbem
809 2095 942 2131 castra
969 2085 1146 2132 haberet
1174 2104 1401 2150 omnesque
1430 2106 1454 2133 a

166 2192 276 2235 terra
316 2191 447 2235 exitus
489 2188 732 2234 interclusos
768 2197 960 2234 teneret:
1007 2190 1246 2250 periculum
1280 2191 1454 2238 omnino

163 2302 253 2337 erat
286 2294 467 2355 Aegium·
499 2294 743 2357 proficisci3
780 2309 863 2356 quo
896 2302 1041 2339 tamen
1066 2294 1282 2349 obstaculo
1309 2311 1406 2341 cum
1430 2312 1455 2340 a

164 2397 378 2457 proposito
404 2399 555 2445 itinere
581 2414 849 2461 nequaquam
861 2398 1143 2446 deterreretur
1159 2399 1339 2447 Aratus:
1358 2416 1454 2446 ecce

167 2502 276 2547 cives
292 2536 304 2558 ,
338 2503 457 2547 anxia
483 2504 536 2549 de
568 2506 658 2566 ejus
686 2504 817 2549 salute
845 2505 945 2550 cura
975 2503 1172 2558 solliciti,
1207 2504 1453 2549 circumfusi

166 2605 382 2669 undique,
420 2622 519 2652 eum
557 2608 821 2656 retinebant:
859 2610 1054 2656 mulieres
1075 2625 1244 2672 quoque
1271 2619 1314 2655 et
1338 2624 1453 2671 pue-
