1630 3217
798 250 882 292 1⁷6

190 393 349 437 miseris
376 399 662 436 succurrentes
691 392 736 433 in
768 391 935 435 vincula
963 391 1051 450 ipse
1074 390 1284 435 tradebat:
1324 390 1366 434 id
1391 392 1471 434 sibi

188 497 439 557 persuadens
487 498 576 539 fore
595 530 606 549 ‚
639 506 683 539 ut
703 528 715 549 ,
738 495 819 539 hoc
847 504 987 555 pacto,
1020 495 1211 538 homines
1228 528 1241 547 ,
1267 494 1473 538 libertatis

190 600 492 643 amantissimos
537 600 714 658 talisque
744 600 838 660 jugi
874 599 1074 643 indociles
1100 633 1110 652 ,
1159 602 1309 645 sensim
1350 600 1472 660 paul-

188 704 391 764 latimque
413 739 424 757 ,
485 705 614 749 veluti
660 703 965 748 mansuefactos
1011 713 1052 748 et
1093 704 1375 763 perdomitos,
1423 721 1471 748 eo

189 809 366 854 inertiae
394 809 641 860 reduceret,
679 815 724 851 ut
752 806 993 866 gravissima
1036 822 1226 866 quaeque
1252 823 1275 849 a
1302 821 1398 866 rege
1430 808 1475 849 in

189 920 402 973 posterum
435 911 663 972 infligenda
683 945 694 964 ‚
729 910 965 971 perferrent
992 910 1309 970 patientissime.
1374 910 1474 955 Jam

189 1031 287 1060 vero
320 1016 470 1060 Aratus
515 1016 736 1077 populares
779 1032 897 1070 suos,
932 1025 1018 1060 tam
1048 1017 1248 1076 injuriose
1276 1015 1440 1062 habitos
1459 1051 1471 1070 ‚

188 1118 342 1178 quibus
372 1119 501 1163 oculis
527 1120 787 1179 adspexerit,
822 1135 950 1180 quam
979 1135 1099 1179 aegre
1128 1121 1401 1180 ignominiam
1423 1122 1474 1163 il-

189 1222 272 1265 lam
296 1224 562 1275 concoxerit,
596 1240 725 1284 quam
747 1225 879 1268 invito
904 1225 1044 1268 animo
1057 1241 1269 1286 quamque
1283 1241 1478 1286 oppresso

189 1329 399 1388 flagitium
441 1329 682 1373 toleraverit
741 1331 824 1373 suis
867 1330 1231 1382 exitiosissimum,
1280 1330 1373 1388 quis
1419 1339 1479 1373 est

188 1433 291 1491 quin
311 1464 324 1483 ,
357 1447 425 1475 me
454 1430 568 1474 haud
591 1439 790 1473 monente
808 1464 820 1483 ,
854 1430 1121 1489 perspiciat?
1171 1475 1173 1477 ,
1195 1432 1250 1473 At
1269 1464 1281 1483 ,
1329 1447 1478 1490 quam-

189 1534 247 1576 vis
285 1533 574 1593 turpissimum
616 1540 809 1576 excutere
851 1533 1020 1576 frenum
1044 1540 1085 1576 et
1111 1532 1292 1577 nefanda
1323 1530 1483 1595 Apellis

193 1637 363 1682 consilia
401 1639 642 1683 subvertere
673 1648 716 1682 et
747 1639 1003 1682 labefactare
1034 1640 1147 1683 omni
1178 1654 1257 1699 ope
1285 1640 1482 1683 connite-

192 1746 344 1797 batur,
392 1744 502 1788 nihil
540 1753 680 1789 tamen
711 1745 791 1788 suis
812 1744 901 1804 ipse
932 1743 1088 1788 viribus
1111 1742 1300 1797 valebat3
1338 1743 1480 1787 domi-

190 1864 341 1892 norum
356 1848 569 1909 quondam
587 1864 832 1909 oppressor,
859 1848 968 1907 jam,
1001 1863 1241 1908 oppressus,
1270 1847 1385 1893 adire
1397 1848 1481 1892 do-

191 1954 356 1997 minum
374 1987 386 2006 ‚
419 1962 492 2006 et,
522 1953 596 2012 qui
624 1953 764 1995 omnia
792 1967 863 1994 sua
900 1949 1030 2010 ipsius
1050 1950 1301 1994 auctoritate
1327 1952 1484 2009 suoque

192 2072 390 2118 peragere
421 2056 586 2123 judicio
632 2063 928 2108 consueverat,
970 2069 1090 2098 senex
1115 2054 1268 2114 pueri,
1303 2071 1326 2097 a
1365 2054 1483 2114 cujus

190 2161 394 2220 penderet
417 2161 591 2206 arbitrio
609 2196 621 2215 ,
655 2162 850 2207 invocare
877 2161 1081 2206 auxilium
1106 2162 1158 2205 ab
1184 2176 1319 2222 eoque
1347 2160 1487 2204 lenio-

192 2278 283 2307 rem
310 2280 479 2309 suorum
507 2274 665 2310 sortem
714 2274 949 2327 exspectare
996 2265 1162 2310 debuit.
1227 2263 1480 2324 Philippum

189 2369 318 2430 igitur
363 2369 588 2423 convenit,
622 2384 712 2413 rem
745 2369 980 2416 denuntiat.
1055 2370 1137 2413 Hie
1165 2371 1376 2430 juvenes,
1411 2370 1484 2429 qui

188 2469 314 2517 simul
344 2473 597 2535 injuriarum
627 2473 707 2516 sibi
734 2471 946 2517 illatarum
991 2471 1181 2533 querelas
1211 2472 1263 2516 ad
1291 2487 1333 2515 se
1363 2471 1485 2515 detu-

202 2578 363 2632 lerant,
414 2577 626 2623 confidere
664 2577 812 2628 iubet:
851 2575 959 2621 nihil
977 2576 1091 2622 enim
1121 2575 1258 2622 simile
1288 2574 1376 2619 fore
1409 2573 1489 2618 illis
