1630 3217
808 284 890 325 172

190 421 324 466 Hasce
338 421 453 465 enim
469 429 530 465 tot
544 421 869 484 tamque'graves
886 424 1202 471 criminationes
1217 427 1366 472 Aratus
1378 444 1487 488 pau-

192 528 248 570 cis
265 527 403 571 verbis
416 528 539 572 diluit
556 548 564 573 ς
586 525 839 588 simulatque
856 529 971 572 enim
991 562 1004 583 ,
1023 527 1068 571 in
1084 532 1272 576 mediam
1288 548 1485 593 progres-

198 645 263 673 sus
288 631 536 676 concionem
557 667 567 686 ,
600 631 652 676 de
667 632 877 693 prioribus
893 633 939 676 in
953 633 1256 694 rempublicam
1273 636 1433 681 meritis
1448 644 1490 680 et

196 734 319 778 rebus
363 735 487 795 gestis
512 734 734 787 disseruit,
766 735 1001 795 simulque,
1038 737 1211 796 objectis
1243 738 1491 782 criminibus

200 841 457 901 respondens
475 876 485 893 ,
534 841 713 900 probare
746 848 917 883 conatus
946 849 1038 892 est,
1072 855 1219 886 eorum
1248 855 1354 901 quae
1382 841 1494 885 acci-

195 943 350 989 dissent
380 958 423 988 se
446 941 775 1004 haudquaquam
796 951 1012 988 auctorem
1041 958 1125 988 esse
1139 942 1462 1000 habendum‚ve
1482 972 1486 975 -

196 1047 309 1090 niam
324 1056 464 1091 autem
479 1048 606 1107 petiit
624 1081 636 1101 ,
653 1048 686 1091 si
704 1048 746 1091 in
762 1064 810 1091 eo
826 1047 987 1109 proelio
1004 1047 1231 1108 aliquando
1248 1048 1493 1108 imprudens

197 1152 471 1212 peccavisset,
505 1162 545 1196 et
578 1153 834 1212 postulavit,
869 1161 916 1195 ut
944 1152 1114 1195 omnino
1143 1166 1208 1195 res
1236 1159 1365 1210 gestas
1382 1166 1493 1204 ,non

195 1256 399 1300 malevolo
445 1257 586 1299 animo
631 1266 758 1317 atque
791 1257 943 1301 acerbo
974 1256 1046 1299 sed
1073 1255 1316 1300 humaniter
1344 1254 1492 1299 indul-

196 1368 430 1418 genterque
484 1369 718 1419 spectarent
751 1393 760 1411 ,
806 1361 864 1401 ita
909 1359 1137 1416 derepente
1191 1358 1340 1416 populi
1380 1372 1496 1400 mens

197 1469 406 1504 commota
433 1476 714 1524 conversaque
740 1460 851 1513 fuit,
886 1468 933 1504 ut
964 1466 1005 1503 et
1039 1458 1159 1502 Arati
1189 1459 1372 1503 inimicis
1389 1493 1400 1511 ‚
1419 1459 1494 1520 qui

197 1564 316 1609 illum
357 1567 637 1626 premebant,
672 1564 902 1610 admodum
932 1564 1209 1609 irascerentur
1259 1572 1300 1607 et
1328 1562 1372 1607 in
1411 1563 1461 1606 iis
1481 1598 1492 1618 ‚

198 1683 305 1729 quae
336 1670 487 1713 deinde
515 1679 634 1713 erant
664 1670 821 1729 agenda
841 1703 852 1721 ‚
888 1670 1007 1714 Arati
1037 1670 1210 1713 consilio
1240 1669 1488 1728 acquiesce-

198 1781 309 1818 rent.
375 1773 467 1819 Hoc
507 1773 635 1832 igitur
662 1779 834 1815 auctore
851 1805 863 1825 ,
890 1771 1014 1831 legati
1043 1771 1094 1814 ad
1122 1771 1369 1832 Philippum
1400 1786 1492 1815 cae-

200 1885 394 1935 terosque
426 1891 557 1919 socros
580 1876 694 1919 missi
719 1884 843 1927 sunt,
880 1876 953 1935 qui
970 1890 1115 1918 eorum
1137 1910 1147 1928 ,
1167 1876 1209 1918 in
1233 1877 1494 1936 Peloponne-

198 1979 354 2022 siorum
386 1980 579 2039 gratiam,
608 1981 849 2024 invocarent
879 1980 1079 2025 auxilium
1097 2014 1107 2032 ‚
1144 1980 1406 2038 quibuscum
1425 1995 1495 2023 rex

200 2083 504 2136 Macedoniae,
539 2083 670 2143 (quod
702 2082 821 2127 Arati
850 2082 1030 2126 maxime
1067 2097 1188 2126 causa
1218 2097 1315 2126 eum
1348 2082 1490 2126 factu-

199 2202 293 2230 rum
336 2203 421 2230 esse
463 2187 751 2246 speraverant)
798 2187 939 2231 faciles
981 2188 1202 2246 praeberet
1249 2202 1397 2240 aureS,
1447 2188 1490 2229 in

202 2292 419 2334 communi
463 2292 641 2335 concilio
662 2326 672 2343 ,
726 2291 920 2335 Corinthi
945 2291 1089 2336 habito
1109 2326 1119 2345 ,
1155 2292 1372 2334 decretum
1404 2291 1490 2334 fac-

204 2403 292 2437 tum
324 2404 383 2438 cst
403 2430 413 2448 ,
450 2395 607 2438 bellum
638 2395 795 2438 Aetolis
827 2410 911 2439 esse
937 2394 1220 2441 inferendum.

264 2499 538 2543 Enucleatam
586 2500 710 2559 hujus
736 2497 836 2543 belli
861 2500 1162 2559 expositionem
1184 2535 1194 2554 ,
1230 2515 1336 2559 quae
1367 2499 1491 2560 hujus

203 2603 285 2647 loci
327 2617 411 2646 non
457 2613 543 2657 est,
595 2604 794 2647 debemus
826 2602 1018 2661 Polybio.
1089 2604 1176 2646 Vox
1201 2612 1339 2647 autem
1362 2603 1490 2663 ipsius
