1630 3217
792 303 849 344 93

186 462 238 492 ne
255 480 270 503 ,
311 447 446 508 qualis
474 444 701 506 aliquando
733 454 837 492 esset
879 445 1045 490 futurus
1061 478 1073 499 ,
1118 454 1208 490 tam
1234 444 1465 491 luculenter

186 564 255 594 rex
286 548 515 609 Spartanus
539 544 837 592 demonstravit
853 580 865 601 ‚
901 556 946 592 ut
972 546 1156 601 fuerint,
1189 549 1262 609 qui
1291 549 1467 594 Aratum

187 650 435 699 monerent:
486 652 521 698 si
551 650 656 712 quid
683 650 875 695 adversus
913 650 1265 696 Lacedaemonios
1288 647 1465 696 molire-

187 764 258 800 tur
274 789 286 811 ,
304 723 634 818 'properandum
666 754 707 798 ei
731 764 817 799 esse
829 786 842 808 ,
868 762 1095 815 antequam
1119 753 1352 814 pullo-huic
1366 769 1468 799 acu-

186 858 555 908 lei-nascerentur.
584 879 588 894 2
618 861 685 905 Ab
712 855 1039 921 hocfprincipio
1054 892 1067 911 ,
1099 865 1274 902 auctore
1290 855 1468 915 Polybio

185 965 245 1011 Π.
282 963 549 1012 46.1bellum
576 964 746 1024 coepit,
776 963 891 1024 quod
920 961 1238 1007 Cleomenicum
1275 969 1341 1006 est
1385 977 1466 1023 ap-

184 1070 388 1133 pellatum
402 1103 416 1125 ‚
449 1077 540 1116 tum
563 1067 750 1114 -Achaeis
777 1066 884 1111 illud
900 1100 911 1121 ‚
942 1074 1036 1111 tum
1062 1063 1281 1126 Spartanis
1310 1062 1467 1108 exitio-

184 1189 291 1220 sum.
355 1173 451 1217 Non
487 1171 596 1215 mihi
623 1170 885 1230 propositum
917 1176 978 1212 est
992 1201 1004 1220 ,
1052 1166 1314 1211 enucleatam
1342 1164 1467 1224 hujus

186 1272 290 1318 belli
332 1271 497 1317 tradere
538 1270 756 1316 historiam
776 1304 788 1325 ,
846 1270 917 1314 sed
960 1270 1095 1331 qualis
1136 1270 1183 1314 in
1226 1284 1275 1313 eo
1320 1270 1471 1314 Aratus

186 1375 367 1420 maxime
395 1384 626 1437 appareat,
659 1382 865 1440 quantum
891 1389 969 1437 per
999 1350 1137 1421 fontes
1165 1374 1265 1421 licet
1280 1409 1294 1430 ,
1327 1375 1467 1420 inves-

186 1479 332 1539 tigare.
366 1508 370 1513 r

241 1579 492 1626 Cleomenes
550 1581 679 1641 igitur
698 1615 711 1635 ‚
751 1596 883 1644 quum
906 1615 919 1636 ,
961 1581 1212 1642 jubentibus
1253 1581 1466 1643 Ephoris5

188 1683 453 1730 Athenaeum
479 1684 533 1728 ad
563 1684 786 1728 Belbinam
823 1693 1066 1745 occupasset
1092 1693 1134 1728 et
1165 1685 1294 1729 muris
1314 1686 1473 1746 praesi-

186 1789 570 1848 dioque-»firmasset
585 1822 598 1842 ‚
632 1789 808 1843 AratuS,
841 1786 956 1833 nulla
980 1786 1312 1849 expostuiatione
1331 1787 1442 1834 fact&
1457 1791 1475 1843 ,’

187 1889 379 1936 collecto:
394 1890 536 1936 statim
577 1890 763 1936 exercitu
782 1922 818 1945 ‚.
844 1891 1099 1937 invasionem
1126 1890 1307 1936 fecitin
1335 1891 1473 1938 Aroa-

187 1993 337 2049 diam,
395 2002 451 2039 ut
490 1992 672 2055 Tegeam
730 2001 879 2054 atque·
919 1992 1238 2040 Orchomenum
1281 1994 1472 2042 hostibus

186 2098 423 2160 surriperet.
487 2098 604 2144 Haec
633 2106 774 2143 autem
799 2098 1014 2159 expeditio
1041 2114 1139 2145 cum
1166 2110 1342 2162 propter
1369 2117 1470 2164 pro-

130 2210 133 2215 '
185 2201 371 2246 ditorum
386 2200 664 2262 quorumdam
684 2201 958 2247 timiditatem
985 2203 1125 2249 minus
1156 2220 1356 2268 prospere
1384 2222 1473 2253 ces-

183 2304 302 2353 sisset
325 2340 338 2360 ,
397 2305 598 2351 reducere
639 2305 871 2352 exercitum
925 2308 1066 2370 coepit
1096 2342 1108 2364 ,
1164 2323 1256 2354 rem
1309 2309 1472 2356 latuisse

184 2388 436 2468 existimans,
472 2407 715 2457 Cleomenes
740 2384 840 2474 vero
856 2446 868 2466 ‚
902 2420 1051 2474 utpote
1073 2409 1242 2475 jurenis
1262 2449 1275 2470 ,
1304 2416 1470 2460 fortuna

185 2510 366 2553 secunda
395 2512 576 2558 nimium
602 2486 1064 2579 exsultans²lepideque
1091 2518 1355 2565 dissimulans
1373 2554 1385 2574 ,
1417 2521 1471 2564 ab

186 2626 335 2674 eo-per
351 2611 490 2664 literas
506 2648 517 2668 ‚
544 2616 663 2675 quasi
678 2617 731 2661 ab
755 2618 892 2665 amico
907 2653 919 2673 ,
953 2620 1184 2666 sciscitatus
1211 2631 1271 2668 est
1296 2642 1306 2667 :
1341 2636 1474 2681 quor-
