1630 3217
797 271 851 312 37

183 415 440 480 surripienda
471 412 822 471 clandestinisque
851 409 1031 472 consiliis
1060 406 1358 451 subvertendus
1391 414 1458 464 ty—

183 535 358 572 rannus,
392 517 468 561 ubi
495 515 678 574 denique
706 512 793 556 doli
823 511 889 554 vel
918 508 1256 570 periculosissimi
1269 505 1459 566 {molien-

183 623 228 666 di
269 622 393 665 simul
439 626 572 664 essent
608 625 650 661 et
691 614 972 675 exsequendi,
1022 611 1195 657 audacia
1230 620 1271 654 et
1311 610 1463 655 laboris

185 734 564 780 aerumnarumque
621 716 842 761 toletantia
894 714 983 776 (διὰ
1042 717 1113 766 τῆς
1157 712 1283 755 αὐτοῦ
1319 710 1462 771 ἐκακο-

183 824 369 874 nausias·
412 826 483 867 acal
517 821 686 879 τόλμης)
726 819 849 865 facile
892 817 1309 879 superabatjbomneS.
1375 817 1463 874 Qua

182 928 227 970 in
255 942 301 970 re
327 927 473 970 mirari
512 926 684 970 forsitan
722 925 941 968 nonnullos
967 924 1135 975 subeat,
1169 923 1305 965 virum
1322 955 1334 974 ,
1365 921 1464 981 qui,

182 1039 441 1091 quantopere
496 1027 755 1088 reipublicae
805 1042 970 1071 causam
1014 1026 1100 1070 vita
1144 1026 1217 1069 sua
1256 1024 1464 1084 potiorem

181 1134 381 1187 duceret,
407 1132 520 1176 haud
538 1132 666 1176 semel
683 1131 928 1189 xprobaverit
945 1163 957 1183 ,
991 1130 1151 1190 quique
1172 1128 1462 1173 discriminum

181 1237 292 1280 ultro
320 1234 636 1280 subeundorum
658 1232 894 1294 speculator
919 1233 1041 1278 toties
1063 1234 1290 1278 acerrimus
1313 1234 1464 1287 fuerit,

181 1335 363 1380 eundem
390 1349 660 1379 communem
688 1335 865 1380 salutem
887 1369 898 1388 ,
933 1337 1097 1396 quoties
1121 1338 1235 1396 justa
1259 1345 1363 1381 esset
1378 1339 1465 1381 acie

180 1438 468 1483 dimicandum
487 1472 501 1492 ,
544 1439 770 1483 deseruisse
813 1440 979 1499 sibique
996 1456 999 1459 ⁴
1016 1447 1180 1484 tantum
1217 1442 1465 1485 consuluisse

178 1541 328 1588 videri.
393 1541 599 1598 Quocirca
625 1557 775 1601 operae
807 1542 993 1603 pretium
1022 1559 1090 1587 me
1119 1545 1330 1589 facturum
1357 1546 1462 1589 exis-

179 1645 308 1698 timo,
331 1645 366 1688 si
393 1645 573 1690 rationes
594 1645 725 1690 varias
744 1679 756 1698 ‚
783 1647 937 1706 quibus
960 1647 1173 1691 duumviri
1201 1650 1467 1693 celeberrimi

178 1751 253 1810 qui
298 1750 350 1793 de
391 1751 518 1794 rebus
561 1750 681 1794 Arati
724 1750 820 1794 data
861 1751 986 1810 opera
1045 1751 1299 1810 scripserunt
1317 1785 1328 1805 ,
1376 1767 1466 1795 rem

177 1850 291 1894 illam
321 1852 528 1910 explicare
558 1852 735 1911 adgressi
763 1860 859 1896 sunt
878 1886 890 1906 ,
905 1841 907 1843 ’
924 1852 1069 1912 paucis
1085 1863 1311 1914 aperuero.
1377 1853 1463 1897 Po-

175 1952 311 2011 lybius
340 1953 468 2015 igitur
486 1987 497 2007 ‚
530 1952 646 1997 nulla
668 1955 713 1997 in
737 1954 930 1997 medium
957 1957 1081 1998 causa
1094 1955 1257 2013 prolata
1275 1988 1286 2007 ‚
1322 1970 1463 1998 exem-

176 2058 255 2118 plis
283 2058 418 2102 allatis
442 2061 491 2102 τὸ
520 2058 759 2115 παράδοξον
776 2056 937 2122 ’tollere
953 2065 1080 2115 atque
1096 2056 1315 2099 ostendere
1328 2071 1463 2099 cona·-

178 2169 263 2214 tur,
294 2175 377 2203 non
408 2160 452 2202 in
478 2159 647 2220 singulis
676 2167 840 2202 tantum
863 2157 1107 2202 hominibus
1130 2158 1467 2218 sedingentibus

177 2265 306 2308 etiam
354 2263 553 2308 universis
597 2263 733 2307 simile
790 2262 893 2322 quid
947 2261 1062 2306 haud
1104 2276 1199 2306 raro
1256 2261 1464 2306 obtinere.

175 2369 343 2420 Οὕτως,
389 2367 557 2427 inquit,
605 2369 654 2410 αἱ
690 2370 777 2412 τῶν
817 2368 1058 2424 ἀνθρώπων
1089 2373 1227 2422 φύσεος
1258 2369 1307 2411 οὐ
1336 2371 1467 2423 μόνον

178 2472 265 2515 τοῖς
289 2472 475 2522 σώμασιν
513 2470 651 2526 ἔχουσί
680 2486 721 2512 τι
747 2468 961 2518 πολυειδὲς
981 2502 993 2522 ,
1027 2470 1090 2512 ἔτι
1112 2469 1156 2512 δε
1185 2468 1350 2523 μᾶλλον
1379 2473 1468 2517 ταῖς

180 2575 348 2632 ψυχαῖ;“
379 2574 456 2622 ὥςε
487 2578 560 2619 τὸν
591 2577 719 2621 αὐτὸν
760 2575 898 2632 ἄνδρα
920 2579 974 2631 μὴ
1019 2578 1147 2630 μόνον
1181 2578 1225 2620 ἐν
1260 2579 1344 2623 τοῖς
1374 2573 1469 2616 δια-
