1630 3217
768 313 861 358 122

158 458 340 506 Bellicus
371 457 564 503 hostium
600 466 828 521 apparatus
864 468 1147 521 praeverteret
1182 461 1243 520 1'),
1330 460 1469 507 Nune:

159 569 396 622 derepente
425 561 588 608 mutari
627 560 754 626 atque
794 562 965 609 misceri
1003 564 1147 610 omnia»
1163 562 1229 610 *et
1261 564 1460 610 victricia

163 666 412 713 Cleomem's-
449 683 576 712 arma-
616 668 741 730 longe
791 669 960 732 lateque
1001 686 1078 732 per
1118 671 1459 732 Peloponnesum

161 752 350 815 diffundi
385 770 596 816 cernimus
644 764 702 819 2).
773 771 989 817 Plurimae
1027 772 1153 819 urbes
1193 774 1236 820 vi
1277 781 1425 835 captae
1442 808 1464 829 ff

162 871 409 932 plurimae,
450 872 559 934 regis
596 871 794 932 Spartani
821 873 1040 921 blanditiis
1078 874 1251 923 allectae
1269 913 1281 932 ,
1314 877 1466 953 defen-3

162 977 355 1033 tionem,
402 984 551 1038 sponte
594 977 704 1029 suat,
744 975 888 1020 moliri
928 988 1161 1038 coeperunt
1179 998 1197 1026 :-
1240 980 1369 1037 nam,
1416 956 1489 1024 (ιιιχχ

163 1081 317 1144 populi
344 1095 540 1143 agrorum
582 1079 832 1127 divisionem
876 1094 1089 1143 novasque
1132 1081 1296 1126 tabulas
1325 1098 1368 1127 se
1407 1083 1467 1128 ab

165 1203 217 1233 eo
244 1176 542 1234 consecuturos
567 1202 653 1233 esse
682 1186 909 1249 sperabant
927 1220 940 1241 ‚
981 1194 1024 1231 et
1054 1184 1270 1248 principes
1306 1185 1466 1247 passim·

167 1292 384 1338 infensum
427 1292 472 1336 in
512 1291 694 1338 Aratum
729 1290 948 1342 animum,
997 1288 1113 1350 quod
1138 1288 1389 1335 Macedones
1418 1288 1467 1331 in.

168 1396 510 1459 Peloponnesum
556 1397 779 1443 induceret
796 1433 808 1452 ‚
853 1396 970 1442 haud
1013 1396 1202 1443 obscuris
1233 1398 1357 1459 signis
1391 1397 1467 1443 de·

168 1498 407 1546 clarabant.
486 1497 733 1544 Cleomenes
778 1498 909 1560 igitur
947 1499 1136 1559 primum
1174 1498 1464 1544 inr'Acha'iam

169 1603 326 1665 irrupit
350 1612 393 1648 et
410 1602 613 1647 Pellenen
632 1636 644 1657 ,
660 1603 817 1663 ejecto,
832 1600 1101 1646 Achaeorum
1115 1614 1213 1662 ope,
1227 1602 1438 1663 praesidio
1450 1637 1463 1658 ‚

172 1708 315 1766 cepit3
349 1705 453 1750 hinc
482 1707 626 1750 statim
654 1704 874 1749 Pheneum
894 1736 909 1757 ,
940 1702 1216 1757 Penteleum,
1234 1702 1442 1762 ?Gaphyas
1454 1736 1475 1756 ,A

174 1808 309 1870 Argos
332 1841 346 1862 ,
404 1807 653 1854 Phliuntem
677 1843 690 1863 ‚
751 1807 929 1853 Cleonas
972 1809 1017 1853 in
1060 1818 1311 1871 potestatem
1352 1826 1470 1855 suam

173 1910 356 1972 redegit.
422 1908 636 1964 Omnino,
683 1906 934 1956 Plutarchus
964 1910 1134 1973 inquit,
1183 1911 1293 1955 nihil
1321 1903 1469 1958 eorum

174 2032 285 2080 quae
323 2025 422 2063 ante
461 2017 544 2063 sibi
581 2016 745 2063 Achaei
774 2016 1052 2078 adjunxerant
1070 1995 1094 2070 ,Ι
1128 2015 1260 2060 fidum
1291 2016 1342 2060 iis
1373 2030 1476 2060 cer--

174 2130 353 2182 tumque
396 2131 486 2167 erat
503 2156 515 2176 ‚
562 2137 824 2183 magnusque
855 2122 995 2167 subito
1036 2123 1242 2167 tumultus
1282 2123 1471 2166 circum-

176 2226 292 2270 stetit
315 2228 493 2270 Aratum
510 2260 523 2280 ,
556 2239 655 2270 cum
678 2224 1016 2284 Peloponnesum
1044 2237 1286 2269 concussam
1308 2222 1470 2268 videret

228 2439 263 2475 ι)
310 2429 400 2466 Inde
426 2430 571 2466 omnino
597 2430 730 2467 efficias
748 2455 759 2472 ‚
784 2430 976 2468 tumultum
1002 2431 1113 2478 magis
1139 2439 1247 2468 antea
1270 2423 1372 2480 quam
1395 2432 1478 2479 jus-

179 2508 255 2537 tum
279 2498 413 2537 bellum
439 2500 549 2537 fuisse
565 2525 575 2543 ‚
604 2500 763 2548 quamvis
787 2500 958 2549 Polybius
983 2501 1035 2539 11.
1060 2504 1121 2538 46.
1146 2503 1268 2539 statim
1293 2503 1337 2539 ab
1359 2503 1474 2540 Athe-

181 2583 271 2608 naeo
297 2572 334 2607 in
358 2585 442 2620 agro
467 2571 770 2621 Megalopolitano
797 2586 818 2610 a
842 2566 1215 2621 Spartanis*munito‚
1253 2573 1339 2612 belli
1367 2573 1475 2612 Cleo-

182 2640 312 2678 menici
328 2649 406 2685 ‚·ut
429 2655 532 2691 supra
557 2644 706 2686 monui,
735 2642 883 2681 initium
908 2652 1100 2692 computat.
