1630 3217
768 291 859 335 167'

164 433 362 480 Omnium
392 447 488 477 vero
531 430 846 491 diligentissime
870 437 1037 490 egerat,
1071 437 1117 473 ut
1139 442 1281 472 rerum
1315 428 1442 475 Pelo-

159 540 333 599 ponnesi
359 538 618 583 tuendarum·
639 548 849 580 summum
879 533 1042 594 pupillo
1068 534 1185 594 regio
1222 533 1442 594 inspiraret

160 642 364 686 ardorem.
432 638 637 696 Quocirca
657 670 669 689 ,
697 638 787 696 jam
810 636 957 682 morbo
982 636 1192 689 laborans,
1217 635 1255 679 ei
1301 638 1345 680 in
1391 636 1443 680 il-

157 741 241 786 lam
267 740 531 802 regionenra
560 754 603 783 se
628 739 752 784 misso
779 748 1054 800 praeceperat-
1071 774 1084 794 ,
1117 747 1185 795 ut,
1210 740 1336 785 Arato
1364 756 1442 800 po-

160 845 366 890 tissimum
400 841 657 896 adhaerens,
690 842 815 903 hujus
842 858 944 903 ope,
973 841 1172 890 Achaicis
1206 817 1445 887 civiffitibus

163 951 454 994 innotesceret.
517 949 572 994 Et
601 962 699 993 vero
725 946 914 1009 Philippi
940 947 1062 1007 pueri
1093 946 1283 991 animum
1306 944 1446 990 lenem

162 1056 312 1100 Aratus
336 1052 562 1115 respiciens
588 1051 736 1113 suique
763 1050 996 1098 studiosum
1015 1083 1028 1105 ,
1049 1050 1234 1096 habebat
1263 1049 1377 1112 quod
1392 1050 1448 1095 si·-

164 1155 238 1209 bi,
283 1170 360 1215 pro
399 1169 445 1198 re
483 1163 612 1208 nata,
657 1153 943 1213 maximopere
981 1153 1258 1213 gratularetur
1288 1162 1329 1206 et
1348 1156 1461 1215 jure*

162 1265 346 1318 speraret
364 1291 375 1311 ,
416 1256 530 1319 {orep
550 1265 598 1300 ut
634 1255 794 1301 externi
815 1254 935 1299 istius
959 1254 1130 1315 imperii
1152 1271 1239 1299 nen
1268 1255 1451 1298 nimium

164 1359 389 1420 aliquando
423 1359 646 1420 populares
682 1358 989 1403 suostaedium
1027 1366 1268 1419 occuparet.
1342 1359 1450 1404 Nam

164 1461 245 1522 ipsi
269 1462 472 1522 contigit,
505 1471 552 1507 ut
581 1461 735 1507 eximia
757 1476 871 1516 eum,
901 1470 943 1507 et
965 1460 1178 1508 voluntate
1203 1476 1299 1522 erga
1325 1478 1391 1515 se,
1407 1471 1449 1508 et

160 1578 321 1610 summo
349 1578 490 1609 rerum
520 1563 774 1610 Graecarum
795 1564 1008 1625 praeclare
1021 1564 1452 1609 administrandarum

163 1667 359 1710 affectum
382 1667 590 1711 desiderio
618 1669 664 1711 in
692 1667 985 1713 Macedoniam
1014 1671 1170 1714 iterum
1197 1671 1446 1715 dimitteret.

164 1769 284 1813 Hanc
310 1778 450 1814 autem
481 1770 576 1814 satis
591 1769 872 1829 probabiliter
883 1779 1116 1831 susceptam
1130 1787 1247 1831 spem
1264 1802 1279 1826 ,
1295 1788 1449 1833 quam-

163 1869 223 1912 vis
241 1899 255 1922 ,
286 1868 538 1927 procedente
567 1877 757 1929 tempore
775 1905 787 1924 ,
819 1872 945 1930 plane
974 1872 1156 1918 diversus
1192 1889 1335 1920 rerum
1364 1876 1451 1920 exi-

164 1979 229 2015 tus
254 1969 434 2024 fefellit,
468 1970 591 2032 initio
621 1971 768 2017 saltem
794 1973 912 2032 regni
942 1974 1005 2018 sui
1029 1971 1143 2019 haud
1174 1977 1300 2021 semel
1325 1986 1445 2037 patc-

167 2073 269 2119 fecit
283 2071 688 2135 Philippus„;quanta
701 2083 743 2120 et
759 2074 1019 2122 observantia
1030 2085 1074 2123 et
1085 2078 1334 2124 verecundia
1351 2093 1451 2141 pro-

166 2188 408 2239 sequeretur
435 2177 645 2233 Aratum,
661 2186 705 2223 et
717 2185 979 2240 quantopere
995 2214 1008 2234 ‚
1023 2181 1115 2239 ejus
1132 2180 1316 2226 consiliis
1329 2182 1449 2226 obsc-

170 2281 337 2340 quendo
354 2316 365 2336 ‚
387 2281 555 2327 Graecis
574 2282 861 2327 commendari
877 2283 1123 2330 civitatibus
1141 2281 1452 2346 ¹)potentiam-

213 2424 253 2459 ¹2:
297 2424 387 2460 Vide
413 2427 486 2473 inp.
513 2427 642 2476 Polyb.
668 2429 750 2466 VII.
781 2432 837 2467 12.
868 2432 1035 2467 καθόλου
1060 2446 1104 2476 γε
1128 2435 1199 2477 μὴν
1222 2433 1296 2476 ἤδη
1319 2430 1445 2478 μικρὸν

169 2494 514 2543 ὑπερβολικώτερον
542 2501 687 2541 εἰπεῖν,
716 2498 918 2536 οἰκειότατ’
949 2501 991 2535 ἄν
1018 2495 1118 2543 οἶμαι
1142 2500 1230 2544 περὶ
1259 2499 1446 2533 Φιλίππου

167 2564 278 2596 τοῦτο
314 2562 475 2607 ῥηθῆναι
515 2567 614 2600 διότι
646 2570 762 2606 κοινός
799 2583 852 2607 τις
889 2563 964 2602 οἷον
1003 2567 1176 2615 ἐρώμενος
1202 2568 1347 2611 ἐγένετο
1375 2566 1445 2600 τῶν

166 2627 375 2674 Ἐλλήνων,
403 2631 467 2664 διὰ
492 2634 534 2665 τὸ
559 2636 624 2676 τῆς
650 2635 819 2680 αἱρέσεως
847 2635 1091 2681 εὐεργετικόν.
