1630 3217
833 246 887 287 11

221 397 314 444 laris
331 432 344 452 ‚
374 396 446 440 sed
473 395 722 441 salutaribus
748 395 908 455 legibus
935 404 1189 455 temperatus
1204 399 1416 458 aptissime
1432 410 1499 445 at-

219 518 301 564 que
359 502 586 547 restrictus,
668 496 895 545 Constabat
963 498 1269 543 consociatione
1316 500 1503 560 plurium

220 577 438 651 civitatum
467 605 697 651 arctissimo
721 621 830 651 nexu
856 606 967 650 inter
992 621 1034 650 se
1049 606 1337 651 devinctarum
1351 641 1362 659 ‚
1396 622 1504 668 quae

220 711 394 771 quidem
413 719 458 755 ut
472 719 614 771 pateat
626 745 638 764 ,
669 711 713 754 in
740 716 943 771 quantam
958 710 1230 756 concordiam
1244 710 1476 755 coaluerint
1491 746 1503 765 ‚

219 813 439 857 audiamus
454 813 696 872 Polybium.
747 813 889 870 Quum
904 814 1030 858 multi
1048 846 1060 867 ,
1091 814 1231 875 inquit
1248 848 1259 867 ‚
1288 823 1384 858 ante
1399 813 1504 859 haec

220 926 412 980 tempora
455 927 590 964 essent
625 918 766 963 conati
808 899 1119 979 Peloponnesiis
1146 917 1398 977 persuadere
1414 952 1426 972 ‚
1459 928 1506 962 ut

219 1024 513 1068 communibus
553 1024 736 1068 consiliis
781 1024 972 1068 omnium
1010 1022 1133 1083 saluti
1189 1022 1504 1081 prospicerent,

216 1142 355 1187 neque
405 1135 545 1171 tamen
597 1127 800 1186 perficere
849 1126 964 1185 quod
1006 1125 1246 1169 instituerat
1282 1126 1501 1186 quisquam

220 1231 448 1289 potuisset:
485 1229 600 1290 quod
626 1245 710 1273 non
741 1229 957 1273 communi
981 1228 1188 1273 libertatis
1218 1228 1506 1274 defendendae

220 1332 383 1388 studi0‚
418 1332 490 1377 sed
512 1332 566 1376 ad
591 1332 886 1377 stabiliendam
911 1333 1092 1394 quisquc
1119 1347 1236 1378 suam
1249 1333 1503 1378 dominatio-

220 1455 320 1483 nem
357 1438 402 1483 id
442 1438 659 1499 negotium
690 1437 945 1499 susciperet:
982 1446 1123 1482 nostra
1152 1435 1232 1482 hac
1263 1444 1397 1481 aetate
1422 1436 1503 1480 tale

219 1552 468 1604 tantumque
498 1559 547 1587 ea
575 1559 640 1587 res
667 1543 977 1587 incrementum
1004 1542 1117 1603 cepit
1145 1542 1210 1586 vel
1238 1542 1378 1602 potius
1397 1542 1503 1586 adeo

223 1645 410 1705 perfecta
441 1654 501 1689 est
518 1678 531 1699 ‚
566 1654 611 1691 ut
639 1662 723 1690 non
754 1646 889 1691 solum
917 1647 971 1692 ad
991 1621 1222 1692 amicitiam
1246 1649 1391 1693 sociali
1415 1649 1505 1692 foe-

221 1748 319 1793 dere
362 1749 472 1793 inter
511 1765 553 1794 se
584 1749 845 1810 jungendam
888 1751 1069 1795 coierint
1085 1786 1096 1805 ‚
1146 1752 1218 1796 sed
1245 1752 1375 1797 etiam
1403 1753 1508 1814 legi-

221 1853 324 1906 bus,
358 1852 618 1912 ponderibus
635 1887 647 1905 ,
681 1848 916 1906 mensuris,
950 1854 1131 1913 pecunia
1159 1855 1344 1916 denique
1359 1856 1507 1900 eadem

221 1961 417 1998 utantur:
468 1952 520 1996 ad
552 1952 658 1997 haec
675 1988 688 2008 ‚
731 1956 1070 2014 magistratibuS‚
1115 1961 1405 2012 senatoribus,
1432 1962 1506 2019 ju-

221 2057 386 2102 dicibus
412 2057 587 2103 iisdem:
625 2058 754 2102 immo
774 2094 799 2125 ,Ι
819 2060 1045 2120 quominus
1075 2061 1265 2107 universa
1276 2077 1504 2123 propemo—

223 2160 325 2205 dum
363 2156 679 2221 Peloponnesus*
706 2169 783 2222 'pro
810 2164 919 2208 urbe
937 2164 1063 2208 unica
1087 2166 1216 2224 possit
1243 2168 1428 2221 censeri,
1460 2167 1506 2211 id

222 2279 355 2309 unum
390 2265 524 2310 obstat
565 2265 679 2325 quod
726 2280 812 2310 non
837 2267 1083 2312 eorumdem
1104 2268 1322 2314 moenium
1345 2262 1508 2315 ambitu

224 2381 367 2413 omnes
393 2371 483 2429 ejus
510 2369 672 2415 incolae
702 2372 937 2430 capiantur.
1005 2372 1321 2437 Caeterafapud
1346 2374 1436 2418 illos
1465 2385 1508 2419 et

224 2470 268 2512 in
302 2485 527 2518 commune
555 2483 597 2518 et
628 2491 702 2535 per
728 2477 904 2537 singulas
937 2477 1061 2521 urbes
1084 2479 1236 2523 similia
1264 2489 1359 2524 sunt
1382 2490 1505 2540 atque

228 2576 369 2620 eadem
377 2610 389 2620 .
