1630 3217
734 322 833 377 *10⁷

215 468 351 525 Quum
393 465 444 508 ad
486 464 716 524 legatorum
759 463 847 505 illas
877 459 1327 519 Megalopolitanorum
1362 471 1436 498 co-

152 566 407 613 hortationes
436 563 577 610 faciles
617 578 734 608 aures
776 561 998 623 praeberet
1039 559 1269 617 Antigonus
1287 593 1298 612 ‚
1332 558 1436 620 quin

152 688 200 716 ex
235 685 333 714 vero
376 671 553 714 Aratum
579 667 894 729 prudenterque
914 702 924 721 ,
958 666 1093 727 digito
1125 666 1267 725 quasi,
1295 666 1435 710 futura

153 773 355 818 indicasse
386 783 599 827 censeret,
633 772 792 832 asylum
816 772 887 817 hie
914 772 995 816 sibi
1029 779 1155 834 atque
1182 771 1436 832 praesidium

149 886 343 940 paratum
371 877 658 940 intelligebat,
691 892 776 938 quo
793 911 805 931 ,
839 876 873 921 si
903 876 961 921 ita
990 876 1203 921 videretur
1220 910 1232 929 ,
1282 875 1435 919 confu-

149 996 247 1042 gere
272 980 433 1029 liceret.
499 982 591 1039 Quo
616 989 757 1027 tamen
782 989 972 1041 tempore
996 979 1323 1025 deliberationes
1347 978 1435 1023 illas

149 1084 272 1131 initas
308 1084 433 1129 fuisse
471 1083 727 1128 censendum
767 1092 853 1136 est,
898 1082 1136 1144 respublica
1169 1081 1434 1127 Achaeorum

147 1188 244 1232 viris
284 1187 423 1233 adhuc
448 1187 582 1232 stabat
608 1188 717 1241 suis,
759 1186 944 1231 necdum
969 1196 1202 1232 extremum
1237 1187 1339 1231 illud
1366 1201 1433 1231 re-

147 1288 335 1333 medium
363 1289 595 1349 flagitabat.
660 1290 860 1347 Quamvis
879 1291 1007 1352 igitur
1035 1292 1270 1353 Antigonus
1290 1304 1434 1352 prom-

148 1399 234 1434 tam
277 1390 536 1436 voluntatem
587 1389 824 1438 luculenter
867 1392 1179 1448 declaraverat,
1244 1391 1434 1439 Achaeo·

148 1508 242 1538 rum
269 1503 412 1538 tamen
445 1493 666 1539 consilium
685 1527 698 1547 ,
748 1504 919 1540 auctore
947 1497 1098 1549 Aram,
1145 1496 1294 1540 eodem
1323 1503 1430 1540 statu

148 1612 318 1641 manere
353 1606 395 1642 et
423 1613 500 1659 per
532 1613 573 1642 se
605 1598 714 1660 ipsos
736 1598 895 1644 bellum
916 1615 1058 1661 gerere
1083 1582 1298 1668 decrevit:
1334 1617 1432 1662 par·

148 1703 251 1757 tim,
302 1702 416 1765 quod
456 1702 797 1748 honestissimum
815 1738 826 1757 ,
872 1712 919 1748 ut
946 1712 1035 1747 erat
1053 1737 1064 1756 ‚
1112 1704 1172 1748 ita
1196 1703 1432 1756 ducerent,

146 1811 198 1855 ad
224 1811 399 1856 salutem
429 1826 546 1856 suam
573 1810 772 1856 tuendam
791 1845 803 1864 ,
828 1809 966 1854 alieno
988 1808 1142 1853 auxilio
1164 1822 1250 1851 non
1270 1807 1434 1868 indige-

145 1927 191 1956 re
208 1946 219 1965 ,
253 1913 408 1971 partim
425 1913 569 1967 etiam,
610 1912 722 1972 quod
734 1946 746 1966 ,
764 1912 1040 1972 pristinorum
1055 1913 1287 1957 Ptolemaei
1302 1914 1432 1958 bene-

146 2014 339 2060 ficiorum
364 2030 569 2060 memores
586 2048 600 2069 ‚
641 2014 873 2059 amicitiam
902 2029 1000 2059 cum
1034 2014 1108 2058 illo
1142 2028 1305 2059 servare
1333 2022 1430 2061 stu-

146 2106 321 2175 derent,
367 2134 505 2180 neque
543 2119 602 2163 ita
641 2091 694 2164 de
734 2134 777 2163 se
819 2118 975 2164 vellent
1002 2119 1262 2174 existimari,
1310 2121 1431 2181 quasi

146 2223 251 2268 alius
277 2224 523 2285 cujusquam
556 2237 680 2284 opem
705 2223 977 2285 respicerent.
1042 2224 1139 2269 Post
1164 2239 1264 2269 vero
1303 2240 1431 2287 quam

145 2340 209 2372 res
237 2329 282 2372 in
309 2327 494 2375 deterius
520 2329 710 2391 quotidie
736 2328 933 2384 abibant,
963 2339 1005 2374 et
1021 2365 1031 2384 ,
1067 2331 1291 2376 deficiente
1308 2332 1430 2377 simul

146 2432 331 2478 subsidio
351 2468 364 2488 ‚
414 2436 526 2495 quod
565 2427 828 2482 Ptolemaeus
858 2447 1067 2498 praestare
1112 2437 1291 2484 Achaeis
1317 2437 1427 2481 sole-

145 2536 247 2589 bat,
295 2537 542 2596 gravissimis
579 2555 601 2582 a
641 2538 865 2587 Cleomene
904 2539 1092 2586 cladibus
1122 2540 1260 2586 affecti
1302 2547 1423 2584 sunt:

150 2652 240 2687 tum
282 2641 482 2696 demum,
534 2643 591 2686 ait
629 2644 857 2702 Polybius,
906 2645 1149 2691 dilationem
1193 2645 1313 2688 rebus
1338 2644 1428 2702 jam
