1630 3217
791 298 846 339 45

179 441 411 487 'Corinthus
456 448 595 484 autem
650 453 720 480 arx
763 439 808 480 in
855 428 999 479 monte
1049 437 1257 489 sublimi,
1306 440 1457 496 partim

178 547 446 607 praefracto,
494 556 602 602 quae
639 540 802 583 munita
833 539 1071 599 praesidio,
1119 554 1243 583 omne
1281 556 1426 585 eorum
1446 576 1456 595 ,

179 648 452 693 Plutarchum
495 655 609 691 certe
635 646 668 690 si
703 644 874 699 audias,
921 646 994 706 qui
1024 647 1133 689 intr-a
1163 644 1371 698 Isthmum
1394 662 1461 691 es·-

177 761 295 805 sent‚
330 749 588 812 impediebat
615 748 916 794 commercium
934 784 945 803 ,
980 763 1234 810 omnemque
1254 749 1459 810 reprime-

176 858 247 901 bat
289 855 603 916 expeditionem
653 854 881 900 militarem
921 863 963 899 et
1005 853 1334 915 negotiationem
1376 854 1459 897 sive

175 957 429 1002 maritimam
471 958 586 1003 illam
629 958 717 1003 sive
758 966 996 1003 terrestrem
1036 960 1090 1024 ¹).
1155 958 1267 1002 Hinc
1296 958 1461 1019 Philip-

173 1079 279 1123 pus,
325 1063 528 1107 Demetrii
566 1062 700 1117 filius,
744 1062 996 1122 compedem
1027 1061 1229 1105 Graeciae
1265 1059 1457 1105 Corinthi

173 1184 311 1213 arcem
336 1169 534 1220 vocabat,
552 1176 593 1211 et
623 1167 657 1208 si
686 1166 954 1209 Achaeorum
975 1164 1176 1224 legationi
1206 1164 1317 1225 apud
1330 1163 1457 1223 Poly-

171 1270 292 1315 bium
317 1270 349 1316 l.
376 1269 518 1317 XVII.
554 1286 599 1329 p.
628 1272 734 1315 750.
760 1268 863 1314 fides
887 1269 1140 1323 tribuenda,
1172 1284 1227 1313 ne
1254 1268 1459 1329 respirare

174 1374 347 1434 quidem
400 1373 693 1433 Peloponnesii
744 1389 882 1434 neque
940 1374 1194 1435 cogitatione
1250 1373 1457 1418 libertatis

172 1484 289 1536 sp'em
316 1477 534 1537 percipere
555 1485 750 1537 poterant
768 1511 781 1530 ‚
817 1478 1021 1536 quamdiu
1052 1476 1256 1520 Corintho
1290 1476 1451 1535 regium

173 1578 374 1621 insideret
413 1577 684 1637 praesidium.
749 1577 873 1622 Haud
910 1579 1067 1622 mirum
1097 1578 1224 1638 igitur
1255 1577 1452 1622 Macedo—

173 1684 267 1727 niae
303 1698 420 1743 reges
457 1682 617 1743 quique
660 1681 870 1726 dominari
911 1679 957 1723 in
998 1680 1178 1724 Graecos
1222 1686 1453 1739 cuperent,

171 1787 357 1845 impenso
395 1786 532 1831 studio
581 1786 771 1832 connisos
826 1786 952 1831 fuisse
970 1820 981 1840 ,
1031 1794 1078 1830 ut
1121 1785 1306 1830 validum
1347 1784 1453 1853 illud

173 1888 274 1934 belli
302 1890 668 1949 propugnaculum
695 1891 739 1934 in
767 1906 885 1934 suam
915 1889 1451 1950 potestatemvredigerent,

170 1992 468 2054 redactumque
496 1993 674 2038 firmiter
705 2001 912 2039 tenerent.
978 1994 1178 2055 Inprimis
1220 2009 1317 2038 vero
1360 1993 1450 2038 An-

221 2175 253 2212 ⁵)
300 2177 354 2213 De
392 2177 558 2215 Corinthi
594 2179 667 2217 situ
704 2181 752 2217 ef.
789 2181 917 2217 Strabo
955 2180 983 2217 l.
1023 2181 1127 2218 vul.
1166 2183 1185 2230 §
1220 2184 1280 2218 21.
1312 2182 1374 2217 ubi
1409 2183 1452 2217 de

174 2257 252 2281 arce
276 2245 385 2283 haec:
420 2248 499 2295 ὅρος
525 2250 664 2295 ὑψηλὸν
698 2252 780 2286 ὅσον
806 2252 916 2298 τριῶν
949 2253 1058 2296 ἥμισυ
1097 2254 1236 2292 ςαδίων
1269 2252 1356 2298 ἕχον
1386 2256 1453 2297 τὴν

171 2316 335 2351 κάθετον
365 2315 474 2363 τὴνδ’
505 2319 687 2361 ἀνάβασιν
720 2311 786 2353 nixi«
814 2321 1015 2367 τριάκοντα
1041 2320 1201 2361 gadim,
1248 2322 1303 2361 etc
1332 2319 1454 2358 ὀξεῖαν

170 2384 331 2432 τελευτᾷ
351 2391 523 2434 κορυφήν·
546 2390 722 2424 nal-strae
738 2388 783 2424 δὲ
803 2387 1119 2436 Ἀκροκόρινθος,
1154 2379 1196 2422 οὗ
1213 2389 1257 2423 τὸ
1277 2388 1344 2430 μὲν
1364 2389 1454 2435 πρὸς

170 2448 303 2496 ἄρκτον
321 2453 431 2499 μέρος
452 2456 507 2495 ἓςὶ
532 2457 577 2490 τὸ
596 2458 731 2499 μάλιςα
762 2456 904 2505 ὄρθιον·
931 2476 977 2484 --
1000 2458 1313 2504 manifestumne
1346 2469 1453 2504 περι-

171 2518 268 2563 βόλῳ
295 2517 360 2553 ’‘“2
388 2522 431 2554 τὸ
460 2521 538 2567 ὅρος
567 2525 660 2559 αὐτὸ
693 2524 711 2558 ὅ
741 2523 1033 2573 Ἀκροκόρινθος
1061 2518 1086 2571 ἦ
1118 2526 1279 2561 δυνατὸν
1306 2518 1351 2571 ἦν
1372 2538 1449 2559 τει-

170 2589 296 2633 χισμὸν
318 2588 515 2626 δέξασθαῦ’
543 2609 590 2615 ·-·
613 2589 714 2626 Ἀπὸ
735 2593 809 2628 τῶν
831 2593 948 2629 ἄλλων
977 2594 1096 2642 μερῶν
1123 2587 1236 2639 ἧττον
1257 2593 1383 2640 ὄρθιόν
1399 2592 1450 2630 ἒςῡ

171 2656 214 2688 τὸ
235 2655 324 2702 ὄρος·
351 2655 579 2692 ἀνατέταται
597 2657 662 2698 μὲν
684 2661 727 2691 τὸ
742 2660 903 2695 ἐνθένδε
924 2662 1056 2699 ἱκανῶς
1078 2663 1141 2695 καὶ
1152 2660 1353 2707 περίοπτόν
1364 2661 1448 2698 ἔςιν.
