1630 3217
772 298 857 341 108

165 456 253 485 non
279 440 541 493 ferentibus,
592 455 785 500 praesens
815 440 1054 501 periculum
1093 442 1185 487 illos
1208 443 1344 503 coegit
1361 476 1374 497 ,
1410 455 1455 489 ut

162 546 374 607 Antigoni
406 545 637 600 auxilium,
688 544 879 590 unanimi
922 560 1068 590 omnes
1097 521 1323 600 consensu,
1374 546 1455 591 im-

165 653 396 712 plorarent.
475 651 559 696 Hic
603 659 773 712 paratus
816 650 989 696 omnino
1027 650 1242 712 rebusque
1289 648 1457 711 agendis

165 759 350 802 intentus
393 765 510 810 erat,
562 757 643 799 alia
691 765 832 800 tamen
877 756 1120 801 conditione
1161 756 1457 801 auxiliaturum

165 876 206 904 se
230 858 412 905 Achaeis
440 862 620 920 negabat
640 894 651 912 ,
697 861 778 903 nisi
805 860 923 918 prius
965 861 1276 906 Acrocorintho
1305 877 1456 921 recep-

164 965 207 1007 ta
236 973 279 1008 et
309 962 626 1008 Corinthiorum
671 963 752 1006 sibi
795 964 901 1007 urbe
939 964 1122 1018 tradita,
1171 968 1254 1026 qua
1272 1000 1283 1020 ‚
1328 966 1458 1011 veluti

166 1083 263 1112 arce
293 1067 395 1112 belli
413 1100 426 1121 ,
473 1075 680 1111 uteretur.
746 1068 840 1111 Hoc
884 1075 1027 1111 autem
1073 1083 1159 1127 quo
1201 1067 1340 1113 minus
1383 1068 1459 1112 fie-

165 1179 261 1222 ret,
311 1170 508 1229 inprimis
532 1171 749 1224 obstabat,
797 1171 912 1230 quod
941 1171 1180 1226 Corinthii,
1227 1173 1382 1225 inviti,
1416 1173 1460 1215 in

166 1273 448 1319 Macedonum
475 1275 697 1335 redigendi
725 1284 845 1320 erant
876 1284 1127 1336 potestatem
1147 1311 1159 1330 ,
1192 1276 1306 1320 unde
1330 1278 1463 1320 maxi-

168 1396 238 1425 ma
267 1387 412 1425 coorta
442 1389 503 1426 est
533 1380 746 1426 dubitatio
778 1389 822 1425 et
850 1381 1099 1427 deliberatio
1126 1382 1171 1426 in
1198 1382 1313 1427 aliud
1354 1391 1463 1428 tem-

170 1498 249 1541 pus
290 1482 437 1531 dilata.
502 1483 600 1526 Post
643 1497 741 1525 vero
781 1459 909 1542 quam
949 1480 1195 1526 Cleomenes
1234 1499 1311 1544 per
1340 1484 1464 1528 Pelo-

168 1602 403 1649 ponnesum
428 1602 739 1649 quaquaversus
767 1587 902 1631 victor
933 1587 1157 1631 incesserat
1176 1620 1187 1639 ,
1226 1586 1463 1647 multasque

170 1692 294 1736 urbes
319 1723 334 1745 ,
394 1701 607 1751 postremo
662 1692 792 1734 etiam
845 1691 1100 1735 Corinthum
1161 1701 1436 1750 occupaverat
1454 1726 1465 1745 ,

171 1809 337 1838 summa
385 1792 457 1837 illa
507 1792 733 1837 difficultas
787 1791 948 1836 sublata
990 1793 1087 1838 fuit.
1169 1794 1309 1851 Quum
1351 1794 1464 1839 enim

173 1898 411 1952 Corinthii,
459 1897 694 1959 repudiatis
737 1897 948 1952 Achaeis,
1010 1896 1282 1943 Cleomenem
1325 1900 1377 1944 ad
1423 1917 1466 1945 se

172 2011 416 2054 vocassent,
451 2002 595 2055 hisce,
628 2010 800 2045 auctore
832 2000 1036 2059 Polybio,
1072 2002 1169 2044 data
1205 2010 1265 2045 est
1303 2018 1466 2062 oppor-

174 2106 333 2151 tunitas
360 2112 404 2149 ct
431 2110 671 2164 praetextus
701 2101 935 2162 probabilis
953 2133 965 2153 ‚
1014 2114 1143 2160 quern
1178 2098 1330 2142 Aratus
1364 2097 1468 2140 arri-

173 2212 319 2271 piens,
383 2207 614 2269 Acropolin
672 2208 829 2253 obtulit
870 2196 1119 2251 Macedonis
1190 2205 1283 2261 Quo
1326 2204 1467 2257 facto,

175 2313 442 2373 AntigonuS,
493 2312 682 2372 quamvis
711 2312 779 2356 vel
820 2311 1003 2355 maxime
1047 2310 1240 2354 obstabat
1280 2306 1469 2352 Cleome-

176 2433 321 2463 menes
338 2452 351 2472 ,
394 2424 437 2460 et
482 2414 625 2459 Aetoli
661 2428 829 2475 quoque
873 2411 1095 2455 transitum
1139 2412 1226 2471 ejus
1266 2410 1473 2471 impedire

184 2524 303 2567 omni
335 2538 414 2581 ope
442 2522 691 2564 nitebantur
709 2550 720 2570 ‚
768 2518 934 2560 favente
965 2517 1134 2560 fortuna
1152 2550 1164 2570 ,
1209 2516 1475 2576 Peloponne-

180 2641 273 2672 sum
303 2627 433 2671 intrat
469 2625 755 2685 traditamque
786 2624 867 2668 sibi
907 2623 1261 2685 Acrocorinthum
1302 2620 1474 2681 accipit.
