1630 3217
747 320 803 361 99

201 463 333 525 Capta
363 462 574 507 Mantinea
606 474 702 544 engi
744 462 972 506 maximum
1004 461 1183 521 Ephoris
1223 462 1417 505 timorem

139 570 376 628 injecisset,
410 574 631 610 revocatur
657 539 900 612 Cleomenes
916 599 926 619 ,
963 565 1116 626 quibus
1139 574 1277 610 tamen
1299 580 1415 625 mag-

136 676 188 716 na
207 708 219 726 ,
267 681 314 715 ut
342 673 432 731 J‘am
458 670 904 722 commemoravimus,
949 668 1226 729 pecuniarum
1256 668 1295 711 vi
1325 681 1417 710 cor-

137 777 270 838 ruptis
289 811 302 831 ,
336 776 388 821 ad
414 776 714 839 oppugnandos
753 776 889 820 hostes
926 776 1080 819 iterum
1111 774 1208 819 exit.
1278 773 1336 818 Ut
1366 773 1416 815 ad

135 880 418 942 Megalopolin
451 888 623 926 ventum
649 890 738 934 est,
789 881 977 941 quamvis
1007 887 1253 924 cunctanter
1289 879 1416 921 Arato

138 991 345 1043 cauteque
381 984 433 1028 ad
459 999 643 1045 pugnam
665 954 896 1030 'accedente
913 1019 924 1038 ,
973 985 1095 1028 initio
1118 993 1260 1028 tamen
1289 997 1419 1043 supe-

134 1085 264 1131 riores
293 1086 464 1131 fuerunt
490 1085 679 1143 Achaei;
726 1088 796 1132 sed
813 1123 824 1142 ‚
870 1103 968 1132 cum
998 1087 1208 1147 Lydiades
1225 1122 1236 1141 ‚
1285 1087 1416 1131 invito

135 1190 330 1235 Praetore
345 1224 360 1245 ‚
386 1191 592 1251 fugientes
606 1191 766 1243 hostes,
795 1206 893 1235 cum
919 1192 1156 1252 equitibus,
1186 1206 1312 1236 coeco
1335 1192 1416 1235 im-

135 1300 260 1351 petu,
290 1308 367 1352 per
387 1294 478 1337 loca
499 1294 669 1353 iniqua,
690 1302 795 1339 esset
814 1305 1053 1355 persecutus
1070 1332 1081 1350 ,
1107 1298 1305 1341 conversa
1333 1298 1420 1339 for-

98 1418 100 1420 >
137 1398 238 1440 tuna
267 1397 398 1451 belli,
431 1398 512 1442 sibi
557 1397 776 1444 interitum
795 1433 806 1453 ‚
841 1398 1020 1444 Achaeis
1049 1400 1212 1445 cladem
1241 1401 1419 1460 paravit.

134 1500 284 1560 Magna
324 1501 474 1545 exinde
501 1501 614 1562 apud
643 1518 737 1546 suos
768 1503 811 1545 in
829 1502 1019 1547 ,Aratum
1049 1503 1172 1562 culpa
1208 1501 1418 1545 redunda-

135 1607 207 1651 bat
225 1641 238 1662 ,
280 1617 496 1669 tamquam
535 1606 768 1667 Lydiadem
786 1641 797 1660 ‚
857 1620 982 1666 quem
1025 1605 1237 1666 praeclare
1288 1620 1415 1649 occu-

136 1711 275 1755 buisse
294 1710 624 1771 praedicabant,
665 1710 972 1772 victoriamque
1001 1710 1267 1757 deseruisset.
1332 1711 1421 1754 Ira-

136 1811 274 1855 cunde
312 1812 515 1857 abeuntes
558 1812 737 1874 Aegium
783 1815 900 1875 sequi
944 1814 1108 1875 cogitur
1126 1849 1138 1869 ,
1195 1831 1281 1876 quo
1322 1829 1420 1859 cum

135 1914 420 1959 convenissent
460 1930 598 1975 neque
637 1916 838 1975 pecunias
878 1916 942 1959 illi
980 1918 1250 1976 suppeditare
1280 1933 1420 1977 neque

136 2018 414 2064 mercenarios
434 2018 547 2063 alere
568 2018 800 2065 decernunt
822 2035 833 2074 ;
873 2019 992 2073 „sibi
1015 2019 1103 2081 ipse
1126 2019 1354 2081 prospiciat
1374 2026 1417 2074 ,”

138 2125 337 2188 inquiunt
370 2124 445 2180 „si
470 2125 630 2170 bellum
668 2141 811 2187 gerere
841 2124 991 2171 velit.'’
1055 2123 1262 2170 Meritone
1289 2122 1347 2166 ita
1375 2123 1420 2166 in

138 2244 237 2276 eum
279 2229 434 2276 invecti
492 2229 602 2284 sint,
651 2229 725 2273 alii
767 2228 1020 2289 dijudicent.
1096 2228 1266 2289 Pugnae
1309 2238 1424 2274 certe

138 2332 271 2378 exitus
305 2334 554 2380 temeritatis
595 2334 830 2396 Lydiadem
875 2334 1045 2396 potius,
1093 2349 1223 2396 quam
1263 2333 1421 2379 nimiae

138 2437 344 2483 tarditatis
370 2440 551 2485 'Aratum
586 2453 758 2500 arguere
800 2438 982 2483 videtur.
1047 2437 1147 2481 Jam
1187 2451 1285 2481 vero
1315 2435 1388 2479 hic
1406 2469 1421 2490 ,

139 2540 336 2585 conviciis
378 2541 602 2585 immeritis
638 2543 729 2603 peti
752 2557 795 2587 se
825 2542 1034 2594 sentiens,
1080 2540 1142 2584 ira
1177 2548 1420 2600 correptus,

138 2644 322 2691 muneris
352 2644 416 2690 sui
445 2643 623 2704 insignia
666 2661 823 2705 ponere
865 2656 907 2691 et
946 2655 1186 2707 praeturam
1227 2646 1420 2691 abdicare

1212 2750 1275 2792 7*
