1630 3217
789 281 842 324 16

232 421 401 470 Praetor
427 423 584 472 solebat
615 439 843 469 convocare
874 424 1133 486 demiurgus3
1169 425 1215 468 hi
1239 434 1379 470 autem
1400 430 1453 474 de

169 530 321 590 quibus
350 529 475 575 rebus
503 538 589 574 erat
621 528 827 589 agendum
845 563 855 583 ‚
891 530 1085 574 Praetore
1098 530 1450 582 communicante,

167 641 359 677 senatum
382 632 675 693 populumque
698 632 956 692 singularum
983 633 1152 677 urbium
1166 632 1450 677 consulebant.

169 734 482 780 Deliberatione
509 736 679 796 privatis
710 736 754 780 in
781 736 1054 781 concionibus
1089 735 1221 790 inita,
1267 736 1451 779 demiur-

169 839 212 897 gi
253 841 540 883 convocabant
592 839 822 883 concilium
861 839 1097 884 Achaicum
1116 873 1128 892 ,
1177 840 1303 893 ctiam
1342 848 1453 883 extra

90 984 102 993 ,
170 950 334 1001 tempus
359 942 451 1001 lege
480 948 709 992 statutum,
742 942 776 984 si
807 941 865 985 ita
895 942 1123 986 videretur.
1159 943 1244 987 Ubi
1267 943 1310 987 in
1327 957 1456 986 unum

171 1053 483 1097 convenerant,
508 1043 679 1088 Praetor
698 1076 709 1098 ,
744 1044 818 1105 qui
846 1043 1108 1104 praesidebat
1123 1046 1304 1089 concilio
1322 1080 1333 1099 ‚
1367 1061 1456 1090 rem

170 1146 215 1189 in
256 1145 447 1191 medium
489 1146 780 1207 proponebat3
828 1148 911 1192 nisi
936 1147 989 1191 de
1019 1146 1131 1192 bello
1161 1163 1297 1193 sermo
1320 1157 1424 1193 esset
1442 1182 1453 1202 ‚

173 1252 423 1296 sententiam
453 1252 582 1295 etiam
609 1267 725 1296 suam
751 1252 1018 1305 declarabat3
1056 1251 1325 1296 suadentibus
1337 1251 1425 1295 aliis
1441 1286 1453 1304 ‚

174 1354 267 1399 aliis
310 1355 659 1402 dissuadentibus
735 1356 782 1402 Si
808 1359 951 1416 vmajor
1001 1353 1326 1419 Demiurgorum
1366 1373 1458 1418 pars

172 1460 453 1513 consentiret,
488 1461 748 1505 referebatur
775 1462 827 1505 ad
851 1461 1073 1521 populum.
1110 1462 1216 1505 Aliis
1234 1462 1423 1506 derebus
1442 1495 1454 1514 ‚

172 1562 253 1606 nisi
274 1561 328 1605 de
357 1561 511 1622 quibus
536 1569 634 1606 ante
678 1562 906 1606 concilium
949 1578 1047 1606 cum
1091 1572 1236 1607 senatu
1277 1562 1457 1623 populo-

174 1680 257 1726 que
286 1664 545 1726 singularum
573 1665 793 1710 civitatum
820 1665 1364 1724 communi-catusnbfuisset,
1390 1665 1456 1726 agi

175 1767 220 1810 in
250 1764 440 1810 conciliis
479 1780 564 1810 non
590 1764 765 1827 placuit.
843 1766 1070 1811 Decretum
1108 1767 1277 1812 concilii
1315 1767 1458 1812 suffra-

173 1873 251 1934 giis
290 1872 497 1916 sancitum
538 1886 659 1931 saepe
701 1870 834 1931 lapidi
869 1879 940 1913 aut
971 1869 1189 1914 columnae
1216 1869 1459 1913 incidebant

174 1986 215 2021 et
252 1976 353 2021 locis
395 1976 521 2021 sacris
550 1975 750 2036 figebant.
832 1972 1051 2017 Interdum
1092 1981 1134 2017 et
1185 1972 1459 2032 jurejurando

173 2083 423 2135 firmabant,
474 2097 498 2123 a
537 2094 622 2140 quo
657 2077 811 2122 deinde
852 2076 1050 2122 recedere
1089 2090 1301 2121 summum
1344 2075 1459 2119 nefas

173 2185 426 2230 habebatur.

234 2267 524 2313 Memorantur
555 2265 683 2309 etiam
706 2264 816 2325 leges
842 2264 947 2309 aliae
966 2299 978 2318 ‚
1013 2263 1179 2325 quaein
1197 2262 1459 2308 Achaeorum

173 2369 396 2431 republica
435 2368 615 2412 maxime
652 2368 865 2429 vigebant.
915 2384 956 2415 v.
1005 2385 1045 2416 c.
1091 2384 1145 2413 ne
1193 2372 1262 2414 cui
1295 2377 1459 2414 exterae

174 2475 310 2536 gentis
334 2474 470 2535 legato
500 2473 730 2518 concilium
760 2474 929 2518 daretur
947 2474 1053 2528 ,nisi
1068 2474 1191 2520 editis
1205 2475 1322 2535 prius
1334 2491 1459 2519 man-
1508 2471 1513 2478 ’

175 2583 283 2629 datis
308 2579 580 2642 scriptissuti
605 2587 726 2623 antea
757 2587 1004 2640 appareret,
1040 2579 1197 2639 quade
1227 2594 1348 2623 causa
1361 2591 1461 2620 con-
