1630 3217
732 277 817 319 139

120 421 209 466 τόν
238 421 384 477 καιρὸν
412 408 451 477 ᾦ
478 416 743 461 δουλεύουσιν
772 417 814 459 οἷ
844 410 1062 466 δοκοῦἆντες
1090 416 1234 472 ἄρχειν
1253 445 1266 466 ,
1315 415 1419 470 ἐχώ-

136 537 198 578 ρει
227 521 328 578 πρὸς
357 520 405 563 τὸ
437 517 584 562 δεινόν’
614 516 670 575 1)·

195 624 281 667 Sed
310 631 357 665 ut
378 626 471 681 jam
500 618 704 664 intentius
732 632 871 663 causas
899 616 1232 673 consideremus,
1271 633 1382 681 quae
1397 655 1412 676 ,

135 724 365 769 secundum
388 721 664 767 Plutarchum
682 757 695 778 ,
728 723 836 768 tanti
864 723 943 767 viri
969 722 1157 767 animum
1188 723 1241 767 ad
1268 723 1415 768 istius-

134 828 252 873 modi
284 827 464 872 facinus'
484 828 813 889 perpetrandum
854 828 1048 889 subigere
1089 837 1131 873 et
1163 827 1292 872 veluti
1320 843 1345 871 a
1372 843 1418 871 se

133 931 226 991 ipso
255 931 436 975 alienare
450 931 687 992 potuerint:
720 932 861 993 primo
887 931 980 975 loco
998 962 1011 985 ,
1034 940 1084 976 ut
1098 931 1281 975 vidimus
1296 962 1310 983 ,
1325 946 1416 974 me-

133 1045 246 1090 tum,
279 1035 580 1090 diffidentiam,
605 1035 807 1080 invidiam
835 1043 1056 1080 memorat.
1092 1034 1147 1079 Et
1162 1050 1285 1087 vero,
1302 1033 1416 1094 quod

133 1138 185 1182 ad
226 1136 462 1183 Cleomenis
501 1147 663 1182 metum
701 1137 881 1192 attinet,
915 1153 999 1200 quo
1022 1136 1201 1182 ductum
1236 1137 1416 1182 Aratum

133 1241 407 1301 intelligimus
427 1275 440 1296 ,
472 1240 624 1296 eximie
642 1275 655 1297 ,
688 1249 738 1285 ut
765 1243 910 1302 paucis
943 1243 1148 1303 defungar
1164 1276 1177 1296 ‚
1210 1242 1418 1302 quadrare

134 1344 180 1387 in
204 1360 303 1388 eum
325 1359 475 1388 censeo
493 1377 506 1398 ,
540 1359 647 1404 quae
678 1343 731 1388 de
776 1343 1006 1389 Octaviano
1058 1342 1233 1388 Caesare
1264 1342 1418 1388 cecinit

129 1446 315 1491 Antonio
357 1452 497 1491 vates:
533 1447 560 1490 o‘
586 1447 666 1504 γὰρ
697 1448 765 1497 σὸς
796 1446 957 1503 δαίμων
987 1447 1063 1492 τὸν
1093 1450 1243 1492 τούτου
1272 1448 1416 1505 φοβεῖ-

129 1568 201 1595 ται
231 1551 304 1594 καὶ
333 1552 483 1608 γαῦρος
514 1549 576 1594 ὧν
605 1550 677 1593 καὶ
706 1547 895 1606 ὑψηλὸς,
926 1548 1032 1593 ὅταν
1062 1544 1088 1606 ᾖ
1119 1547 1222 1591 καθ’
1251 1549 1382 1592 αὑτὸν
1399 1578 1415 1602 ,

128 1654 189 1696 ὑπ
219 1653 379 1697 ἐκείνου
409 1653 572 1707 γίνεται
597 1653 887 1708 ταπεινότερος
918 1651 1159 1704 ἐγγίσαντος
1190 1652 1262 1693 καὶ
1288 1651 1418 1703 ἄγεν-ι

131 1755 294 1823 νέςξρος
330 1755 391 1816 ²).
466 1754 577 1800 Nam
618 1752 694 1798 ubi
720 1753 907 1813 primum
943 1752 1155 1813 ingentem
1183 1750 1416 1796 Cleomenis

131 1855 318 1899 animum
349 1855 489 1914 coepit
513 1855 746 1912 suspicari,
765 1863 921 1914 atque,
955 1863 1002 1898 ut
1031 1852 1178 1913 ajunt,
1211 1871 1261 1898 ex
1276 1869 1414 1913 ungue

128 1971 245 2000 nosse
276 1956 441 2000 leonem
459 1989 470 2010 ,
504 1954 693 2016 trepidus
718 1964 846 2016 nauta
863 1988 875 2009 ,
909 1956 1000 1999 vela
1023 1957 1242 2003 contraxit.
1289 1957 1413 2002 Hanc

123 2069 263 2104 autem
304 2059 573 2117 formidinem
615 2067 748 2104 ortam
787 2075 836 2103 ex
874 2058 1107 2105 diffidentia
1145 2060 1191 2104 in
1233 2059 1410 2122 diesque

128 2170 296 2210 auctam
321 2179 432 2219 esse,
462 2179 558 2210 vere
585 2171 754 2211 statuas,
791 2161 941 2208 Causas
966 2172 1108 2209 autem
1125 2198 1138 2220 ,
1164 2180 1238 2209 cur
1264 2165 1412 2210 admo-

127 2265 228 2312 dum
273 2267 513 2324 diffideret,
560 2268 761 2315 exstitisse
807 2268 984 2315 sonticas
1002 2303 1015 2325 ‚
1076 2285 1200 2316 nemo
1219 2305 1250 2329 ‚·,
1285 2271 1410 2316 credo

174 2451 208 2485 ¹)
255 2449 302 2484 V.
337 2451 401 2486 Ar.
435 2464 467 2487 c.
504 2451 635 2489 XLIII.
699 2454 961 2494 Inexorabilem
986 2456 1090 2493 istam
1115 2456 1359 2493 necessitatem
1385 2467 1408 2491 a-

126 2514 459 2565 Pausania-quoque
482 2518 655 2564 iactatam
680 2535 817 2560 cernas.

175 2585 208 2620 Β)
256 2584 300 2620 V.
328 2585 475 2622 Antonii
499 2591 532 2623 ε’.
558 2587 718 2627 XXXIII.
