1630 3217
805 318 838 348 11

165 444 247 474 sua
268 430 527 489 praeclara
548 463 559 482 ,
610 429 986 489 locupletissimus
1017 429 1314 491 Biographus
1349 446 1455 474 con-

156 516 384 564 cinnavit,
420 513 546 555 nulla
575 518 721 563 certe,
755 514 847 555 unii
861 512 1034 573 Agidis
1047 513 1233 571 excepta*
1250 519 1450 564 ,tantam

158 595 332 636 creavit
372 594 670 653 voluptatem3
719 599 935 652 quantam
973 610 1028 638 ex
1070 594 1215 639 Arati
1245 592 1453 654 Sicyonii

156 678 256 718 vilei
290 675 557 718 meditanda'
587 672 795 735 percepi.
861 675 1074 719 Priorem
1104 682 1287 736 partem
1301 668 1307 685 ²
1322 677 1422 719 dico
1437 693 1451 719 .·

159 775 262 803 nam
288 760 485 815 ultima‘,
521 775 636 817 quae
662 759 768 802 inde
796 760 851 801 ab
879 759 1210 803 Acrocorintho
1243 759 1448 810 tradita,

157 857 231 885 res
264 842 360 900 ejus
377 844 698 901 persequitur,
730 842 957 884 tristitiae
983 856 1198 884 summam
1231 842 1373 886 habet.

220 924 315 967 Sed
341 928 589 982 quicunque
617 925 664 965 in
678 924 862 980 hujusce
874 926 972 965 viri
987 930 1229 983 temporum
1242 925 1450 966 notitiam

160 1006 423 1051 descendere
476 1007 621 1049 altius
689 1006 883 1048 voluerit
953 1005 1080 1047 habet
1120 1007 1295 1047 omnino
1338 1004 1457 1063 quod

143 1092 343 1149 fontium
360 1123 370 1141 ‚
420 1104 443 1131 e
466 1089 624 1147 quibus
646 1083 965 1145 illa'petatur,
990 1089 1235 1144 penuriam
1279 1101 1450 1128 eorum-

155 1186 238 1229 que
265 1173 468 1229 ipsorum
485 1203 497 1221 ,
517 1186 519 1188 ·
532 1171 716 1227 partim
747 1174 893 1222 certe,
935 1183 1021 1210 non
1041 1169 1185 1228 plane
1221 1168 1450 1211 illibatam

141 1251 286 1310 fidem
322 1251 485 1295 doleat.
558 1250 894 1295 Gratulandum
921 1253 1130 1311 profecto
1169 1257 1210 1294 et
1250 1251 1448 1294 hoc-no-

147 1336 273 1381 mine
304 1327 456 1376 literis
470 1333 604 1392 foret
620 1367 631 1386 ,
666 1336 709 1375 si
746 1332 946 1376 Diodori
982 1332 1134 1377 Siculi
1164 1332 1449 1376 Bibliotheca

147 1418 305 1458 minus
327 1415 394 1457 ad
412 1430 493 1461 nos
520 1415 688 1457 mutila
700 1416 1010 1475 pervenisset,
1035 1423 1117 1459 aut
1140 1419 1186 1460 si
1199 1417 1447 1475 Polybius,

157 1501 207 1540 in
238 1499 395 1539 lzorum
419 1503 664 1556 temporum
692 1499 910 1540 memoria
938 1498 1214 1557 explicanda
1230 1532 1241 1551 ,
1264 1490 1422 1541 'eadem
1437 1532 1448 1551 ,

153 1581 247 1637 quei
268 1582 317 1622 in
346 1582 541 1621 caeteris
571 1579 781 1622 traditur
798 1613 810 1632 ,
841 1580 1025 1637 judicii
1049 1580 1335 1646 *integritate
1370 1585 1450 1625 ed-

153 1661 336 1720 demque
372 1661 604 1703 uberrima¹
628 1667 943 1704 momentorum
973 1666 1164 1706 omnium
1197 1666 1450 1724 expositio-

153 1761 211 1788 ne
228 1745 409 1804 fuisset
435 1751 657 1788 versatus.
725 1743 821 1787 Sed
844 1745 898 1788 de
924 1746 999 1788 his
1018 1779 1029 1798 ,
1046 1749 1095 1788 in
1109 1740 1214 1807 ipsa
1225 1736 1454 1804 ‘disquisi-

156 1832 276 1872 tione
294 1863 304 1881 ,
330 1829 545 1888 pluribus
575 1829 898 1888 disputabitur.
935 1828 1033 1872 Hic
1051 1835 1225 1873 tantum
1227 1831 1449 1889 sontium,

154 1915 236 1972 qui
263 1913 332 1955 ad
350 1926 509 1955 manus
535 1911 652 1954 milii
668 1912 866 1970 fuerunt
882 1946 894 1965 ‚
912 1913 1095 1971 inopiae
1110 1916 1244 1969 atque
1256 1915 1451 1953 naturae

154 1981 687 2038 commonuisse-lectores
697 1994 897 2054 siffciat
908 2026 920 2045 ‚
937 1996 981 2035 si
996 1996 1076 2051 qui
1085 1993 1153 2034 'ad
1166 1985 1281 2034 hanc
1297 1993 1452 2049 scrip-

156 2083 316 2122 tionem
358 2079 597 2140 legendam
642 2080 841 2121 animum
875 2079 1006 2137 forte
1037 2062 1360 2136 applicuerint.

217 2163 298 2205 Ad
350 2178 480 2219 quam
522 2165 795 2221 priusquam
851 2159 1111 2220 aggredior
1139 2190 1151 2210 ‚
1201 2160 1289 2216 pio
1340 2157 1453 2198 mz'hz·

157 2246 350 2306 defungi
374 2261 486 2307 erga
513 2259 591 2287 vos
623 2244 769 2303 officio
798 2244 967 2293 liceat,
1023 2241 1119 2283 viri
1155 2237 1451 2289 Clarissimi,

158 2338 356 2370 HEUSDI
393 2335 434 2370 et
481 2338 817 2371 GOUDOEVERI
842 2326 861 2367 !
902 2329 1012 2384 qui,
1061 2330 1102 2366 et
1144 2337 1271 2376 cum,
1318 2322 1451 2380 liujus

158 2409 437 2454 Academiae
477 2411 698 2468 quondam
736 2410 974 2461 alumnus,
1023 2409 1306 2451 institutione
1326 2422 1452 2467 gau-

156 2494 306 2537 derem
337 2496 493 2537 vestra
513 2528 524 2546 ,
578 2500 618 2535 et
647 2507 775 2545 vero,
827 2507 885 2534 ex
919 2506 1004 2550 quo
1031 2494 1080 2534 in
1108 2477 1349 2552 augustum
1376 2489 1455 2531 hoc

155 2575 401 2619 Musarum
428 2577 707 2619 domicilium
742 2575 845 2634 (non
871 2575 938 2617 ad
958 2578 1044 2618 otii
1066 2577 1246 2619 literati
1271 2578 1453 2617 instau-

155 2661 332 2706 randas
360 2661 573 2719 delicias)
605 2661 784 2704 delatus
823 2664 987 2703 iterum
1003 2659 1090 2717 fui
1110 2692 1121 2711 ‚
1182 2659 1296 2700 meis
1331 2670 1453 2715 pro-
