1630 3217
783 269 839 312 32

165 413 394 459 Ptolemaei
426 412 507 457 sibi
551 412 735 457 favorem
781 410 894 457 haud
938 413 1079 474 inepte
1127 412 1441 462 conciliaverat.

167 516 274 560 Cum
312 515 427 561 enim
472 524 628 577 quanto
665 531 736 560 rex
765 517 997 576 Aegyptius
1027 525 1135 561 artes
1162 515 1441 579 elegantiores

161 619 483 680 amplecteretur
523 631 666 663 amore
680 652 692 672 ,
740 633 826 663 non
871 619 1112 679 ignoraret,
1141 635 1323 682 cumque
1354 622 1443 683 ipse

159 724 203 768 in
219 724 320 769 artis
341 722 537 785 operibus
551 721 816 768 aestimandis
822 721 954 783 judex
968 721 1083 767 haud
1095 723 1306 785 inelegans
1321 731 1441 778 esset,

116 878 121 881 ,
158 827 330 872 mittere
354 827 407 872 ad
419 843 518 873 eum
531 827 675 873 solitus
690 827 827 873 fuerat
840 827 1027 888 picturas
1040 827 1222 872 maxime
1238 827 1419 888 insignes
1430 859 1442 879 ‚

159 904 373 991 Pamphili
396 939 438 974 et
466 930 674 976 Melanthi
698 932 901 992 singulari
926 935 1112 995 quodam
1135 936 1316 980 artificio
1336 948 1440 995 per-

160 1034 289 1079 fectas
326 1031 380 1080 1).
444 1028 567 1091 Quod
608 1033 724 1094 quali
767 1035 901 1095 egerit
947 1036 1153 1091 consilio,
1186 1039 1343 1098 quide
1374 1039 1442 1083 ci-

159 1136 278 1183 vium
305 1152 476 1181 suorum
498 1136 635 1182 multo
663 1137 793 1199 magis
812 1172 823 1191 ,
853 1154 982 1199 quam
1006 1139 1059 1183 de
1086 1156 1158 1185 sua
1189 1140 1278 1203 ipse
1309 1141 1444 1187 salute

160 1239 364 1285 sollicitus
386 1248 520 1294 esset,
553 1239 679 1285 facile
714 1240 985 1303 intelligitur.
1050 1243 1151 1288 Jam
1192 1259 1293 1289 vero
1334 1260 1443 1289 con—

160 1358 303 1387 scenso
331 1343 498 1403 navigio
529 1343 574 1387 in
602 1343 844 1406 Aegyptum
886 1345 1054 1402 tendit,
1105 1364 1190 1409 quo
1233 1364 1332 1394 cum
1368 1365 1445 1410 per

123 1476 126 1478 -
157 1449 271 1493 varia
312 1464 454 1494 rerum
508 1449 751 1516 discrimina
796 1451 1051 1512 pervenisset
1104 1454 1144 1500 ²)
1185 1460 1375 1512 essetque
1421 1469 1445 1496 a

154 1568 251 1614 rege
294 1552 534 1618 Ptolemaeo
577 1551 844 1598 familiariter
882 1551 1209 1613 humaniterque
1230 1561 1442 1614 exceptus,

156 1654 281 1699 facile
323 1654 565 1715 impetravit
581 1688 594 1707 ,
653 1662 703 1698 ut
751 1655 847 1699 satis
890 1655 1039 1714 grandi
1079 1655 1260 1715 pecunia
1290 1655 1354 1711 >ab
1395 1670 1444 1698 eo

157 1759 458 1818 adjuvaretur,
502 1766 577 1810 ut,
627 1757 701 1816 qui
730 1765 852 1800 antea
898 1755 1019 1800 donis
1047 1772 1072 1799 a
1099 1771 1198 1817 rege
1234 1756 1444 1816 Aegyptio

158 1863 346 1923 acceptis
403 1860 456 1905 ad
501 1860 659 1906 civium
708 1873 879 1905 suorum
923 1858 1101 1902 salutem
1143 1874 1240 1903 usus
1281 1859 1442 1912 fuerat,

154 1982 269 2012 nunc
295 1980 465 2028 quoque
491 1963 701 2024 regalibus
737 1962 925 2007 munitus
968 1959 1163 2005 subsidiis
1191 1960 1235 2003 in
1261 1960 1443 2019 patriam

156 2070 287 2115 redux
322 2069 375 2112 ad
404 2040 756 2128 tranquillitatem
787 2064 861 2108 illa
896 2073 939 2108 et
976 2061 1247 2107 concordiam
1286 2061 1443 2104 instau-

154 2175 331 2220 randam
374 2170 765 2217 munificentissime
801 2166 1025 2213 adhiberet
1042 2201 1054 2221 ,
1104 2165 1217 2211 unde
1253 2165 1352 2225 jure
1391 2163 1443 2207 de

206 2347 240 2381 ι)
286 2331 433 2370 Ἠνθει
456 2334 526 2381 γὰρ
551 2332 610 2368 ἔτι
627 2333 722 2371 δόξα
739 2335 805 2377 τῆς
822 2332 1028 2372 Σικυωνίας
1058 2331 1209 2377 Μούσης
1227 2331 1292 2365 καὶ
1311 2343 1445 2378 χρηςο..

155 2408 335 2453 γραφέας,
368 2404 412 2444 ὥς
433 2403 547 2448 μόνης
568 2402 802 2447 ἀδιάφθορον
830 2400 983 2445 ἐχούσης
1000 2400 1045 2435 τὸ
1070 2400 1194 2434 καλόν.
1222 2410 1260 2434 v.
1285 2398 1387 2434 Arati
1412 2410 1446 2433 c·

155 2474 256 2512 XIII.
281 2472 339 2511 Cf.
364 2470 494 2521 Strabo
519 2468 626 2507 VIII·
651 2470 688 2505 6.
713 2468 775 2504 23.

204 2556 238 2589 2)
287 2550 332 2580 ln
370 2543 542 2579 Andriam
576 2540 672 2576 enim
711 2544 919 2584 tempestate
955 2536 1116 2579 delatus,
1165 2548 1288 2583 parum
1313 2531 1443 2574 abfuit,

156 2597 242 2661 qnia
269 2624 288 2649 a
315 2610 491 2659 praesidio
517 2616 703 2659 caperetur
726 2606 971 2646 Macedonico.
