1630 3217
762 317 818 360 29

149 457 268 501 ranni
295 456 462 500 fuerant
501 457 558 515 Ι).
591 455 730 511 Quare
758 464 973 501 recentem
1000 456 1119 502 illam
1134 458 1429 519 Sicyoniorum

147 560 384 607 libertatem
410 559 573 606 insidiis
609 544 764 604 iterum
804 558 1005 605 subruere
1044 559 1219 606 studuit.
1281 560 1434 622 Neque

144 675 362 710 externum
388 666 516 711 modo
542 639 815 737 impendebat
858 666 1097 727 periculum
1116 699 1128 720 ‚
1181 665 1254 711 sed
1298 667 1431 710 turbis

145 768 274 813 etiam
316 767 510 814 civilibus
555 777 598 814 et
636 768 911 826 seditionibus
952 769 1105 814 misere
1145 776 1247 812 tunc
1288 768 1433 812 civitas

142 873 214 917 illa
252 874 492 922 vexabatur.
568 874 720 920 Exules
770 874 886 920 enim
925 874 1000 935 qui
1039 889 1063 918 a
1094 871 1280 919 -Nicocle
1320 871 1432 932 pulsi

143 978 310 1021 fuerant
327 1010 338 1029 ,
373 975 585 1037 octoginta
622 988 802 1022 numero
820 1011 832 1031 ‚
878 975 1037 1037 quique
1065 992 1089 1020 a
1118 976 1332 1037 prioribus
1363 983 1431 1034 ty-

140 1078 285 1122 rannis
304 1113 316 1133 ‚
354 1078 476 1126 *haud
518 1079 736 1140 pauciores
779 1078 1019 1141 quingentis
1040 1112 1053 1133 ,
1097 1079 1314 1139 iidemque
1344 1079 1432 1139 ejus

141 1184 321 1228 civitatis
342 1184 696 1244 locupletissimi,
744 1192 838 1243 post
863 1183 1010 1245 longos
1039 1198 1229 1239 errores,
1261 1185 1430 1230 strenua

140 1287 261 1334 Arati
303 1288 430 1348 opera
476 1288 639 1349 patriae
683 1288 858 1349 quidem
911 1288 1069 1333 redditi
1114 1289 1280 1336 fuerant
1296 1321 1309 1342 ,
1357 1286 1431 1331 sed

141 1390 336 1453 plerique
390 1391 659 1454 pauperrima
720 1391 962 1437 conditione
1020 1406 1118 1435 cum
1169 1390 1428 1443 rediissent,

136 1464 246 1538 bona
286 1506 358 1537 sua
374 1526 387 1546 ,
448 1493 563 1553 quod
602 1493 841 1567 praevideri
897 1502 1065 1553 poterat
1091 1526 1103 1545 ,
1164 1493 1428 1552 repetebant.

144 1597 269 1644 Unde
311 1612 498 1642 summae
543 1595 673 1641 Arato
716 1601 884 1641 coortae
929 1595 1198 1640 difficultates
1216 1629 1228 1650 ,
1275 1594 1430 1657 quide

141 1699 330 1746 remedio
361 1700 530 1762 utrique
552 1698 671 1744 malo
712 1698 924 1744 afferendo
964 1678 1148 1744 multum
1173 1696 1429 1756 meditatus,

141 1817 238 1847 cum
258 1828 260 1832 >
279 1804 370 1863 jam
415 1803 515 1848 inde
561 1819 603 1874 a¹
625 1803 842 1865 principio
886 1819 1023 1849 mores
1066 1813 1194 1866 atque
1240 1806 1431 1850 instituta

138 1904 404 1949 Achaeorum
446 1905 676 1950 adamasset
708 1901 776 1959 ²),
825 1896 981 1951 horum
1010 1908 1173 1953 foederi
1198 1907 1429 1966 Sicyonem

184 2096 218 2132 ¹)
265 2093 392 2141 Polyb.
416 2107 438 2142 p
479 2097 561 2135 129.
585 2096 757 2136 πλείςους
777 2096 846 2142 γὰρ
872 2096 923 2141 δὴ
947 2096 1154 2143 μονάρχους
1179 2086 1285 2136 οὗτος
1308 2098 1425 2140 ἐμφυ-

136 2167 270 2202 τεῦσω
297 2167 404 2201 δοκεῖ
426 2170 504 2206 τοῖς
523 2161 695 2212 ‘'EM-⁷100.
723 2151 818 2200 Hinc
842 2163 948 2200 facile
975 2164 1194 2211 intelligitur
1219 2178 1327 2212 quare
1352 2167 1428 2202 An·-

135 2234 279 2280 tigonus
319 2233 448 2270 auxilii
485 2234 594 2270 Arato
633 2234 678 2269 ad
704 2233 870 2281 Sicyonis
920 2243 1109 2282 tyrannum
1160 2235 1429 2282 opprimendum

139 2303 391 2350 suppeditandi
430 2310 567 2350 tempus
604 2310 839 2350 opportunum
864 2302 1075 2350 neglexerit.
1122 2303 1296 2341 Promisit
1318 2319 1429 2347 vero,

138 2385 182 2409 ne
207 2374 469 2421 magnanimum
490 2386 511 2410 a
531 2386 568 2410 sc
590 2373 753 2420 juvenem
776 2372 976 2416 alienaret.
1010 2385 1050 2409 eo
1062 2385 1212 2421 quoque,
1236 2372 1428 2410 multorum

138 2441 278 2485 instar,
305 2429 485 2492 tamquam
523 2443 761 2481 instrumento
799 2441 989 2490 aliquando
1028 2440 1258 2478 consiliorum
1283 2454 1427 2478 suorum

135 2523 172 2547 se
193 2522 338 2546 usurum
363 2510 523 2558 sperans.

179 2590 215 2625 2)
261 2578 387 2627 Polyb.
412 2593 448 2627 p.
475 2583 545 2618 130
569 2582 741 2630 ἀρχῆθεν
768 2581 888 2623 εὐθὺς
910 2582 1040 2629 έραςὴς
1051 2581 1248 2627 γενόμενος
1259 2584 1424 2628 τῆςπρο-
1491 2600 1501 2608 ·-

141 2648 309 2695 αιρέσεως
334 2646 467 2683 αὐτῶν..
