1630 3217
762 287 819 330 20

146 430 299 476 Aratus
318 465 330 485 ,
361 431 403 474 in
430 429 512 474 hoc
554 445 598 475 se
626 438 718 491 post
762 429 900 475 anxios
944 445 1102 475 errores
1146 430 1307 491 asylum
1351 441 1436 477 tam

142 534 350 594 insperato
380 532 508 578 fuisse
535 531 742 579 delatum.
806 530 909 578 Soso
937 533 1051 577 enim
1070 566 1084 588 ,
1117 532 1272 577 mulier
1298 548 1432 593 gene-

147 651 240 682 rosa
265 644 309 683 et
337 637 441 681 facti
470 635 656 681 novitate
681 634 878 697 perculsa
896 669 909 690 ,
942 633 1023 680 Dei
1063 634 1289 696 cujusdam
1323 637 1439 680 auxi-

143 737 203 783 lio
247 753 433 799 puerum
455 739 577 785 illum
620 741 898 786 tenerrimum
926 741 979 786 ad
1007 757 1051 787 se
1070 742 1303 803 profugisse
1335 759 1435 788 cen-

139 858 234 888 sens
252 877 265 898 ,
295 843 587 889 misericordia
623 844 751 889 ducta
787 858 927 906 neque
973 843 1027 888 de
1056 843 1197 888 fratris
1226 843 1289 888 ira
1316 844 1439 887 solli-

143 945 230 990 cita
246 978 261 1000 ,
303 946 421 990 domi
467 960 566 991 eum
617 946 846 991 occultavit
887 957 1107 1008 noctuque
1151 948 1263 993 clam
1308 948 1440 1009 Argos

146 1052 299 1098 emisit.
365 1053 417 1098 In
441 1052 521 1098 hac
544 1054 717 1099 civitate
732 1087 745 1107 ‚
762 1077 764 1080 ·
779 1068 886 1114 quae
911 1053 1000 1112 ipsa
1026 1023 1201 1112 ⁴quoque
1224 1060 1334 1096 ‚tunc
1358 1053 1435 1097 sub

144 1165 326 1215 tyranno
357 1166 474 1209 erat,
524 1145 579 1200 ab
608 1155 754 1200 amicis
782 1155 1106 1216 hospitibusque
1146 1154 1331 1214 paternis
1361 1154 1439 1199 be-

144 1258 484 1304 nevolentissime
513 1266 711 1319 exceptus
738 1264 782 1302 et
810 1255 978 1302 liberali
1006 1255 1271 1302 institutione
1296 1256 1437 1302 imbu-

145 1370 212 1406 tus
229 1362 330 1409 fuit.
362 1362 597 1407 Palaestrae
611 1360 741 1406 etiam
759 1394 772 1415 ,
805 1360 966 1421 quippe
997 1373 1173 1419 corpore
1201 1359 1343 1419 vigens
1365 1361 1435 1412 ¹),

145 1474 306 1510 tantam
329 1480 502 1526 operam
529 1465 664 1519 dedit,
690 1474 738 1510 ut
761 1464 873 1509 ludis
898 1464 1155 1509 Graecorum
1168 1463 1434 1518 solennibus,

146 1569 466 1632 quinquertium
495 1567 696 1613 certando
715 1601 729 1622 ,
761 1582 962 1612 coronam
986 1566 1266 1627 reportaverit
1287 1600 1300 1621 ‚
1323 1567 1437 1628 quod

147 1680 354 1731 quantum
410 1671 463 1715 ad
519 1670 697 1731 gloriam
753 1671 969 1732 vitamque
1020 1671 1188 1715 beatam
1229 1671 1435 1724 valuerit,

144 1774 309 1834 egregie
335 1775 492 1835 passim
526 1773 733 1819 Pindarus
778 1773 981 1821 declarat.
1044 1775 1226 1820 Dicendi
1265 1775 1438 1836 quidem

145 1886 279 1923 artem
292 1914 304 1933 ,
337 1879 477 1940 inquit
494 1877 744 1924 Plutarchus
759 1912 773 1933 ,
796 1878 986 1939 quamvis
1006 1893 1091 1923 non
1107 1879 1223 1923 tanta
1246 1878 1439 1924 excolue-

143 1983 201 2028 rit
224 1983 444 2043 diligentia
463 2018 475 2038 ,
502 1993 704 2044 quantam
735 1998 759 2026 a
781 1983 872 2027 viro
902 1990 1114 2043 exspectes
1143 1983 1188 2025 in
1216 1982 1436 2042 republica

192 2211 225 2246 ¹)
273 2212 394 2249 Etiam
431 2213 469 2247 in
506 2212 609 2248 Arati
644 2211 798 2252 statuis,
838 2217 980 2246 auctore
1005 2209 1200 2247 Plutarcho
1220 2235 1231 2253 ,
1264 2209 1440 2262 athletica

141 2284 315 2334 quaedam
344 2283 479 2333 species
503 2282 721 2332 apparebat:
755 2282 799 2317 τὸ
829 2283 1000 2325 συνετὸν,
1035 2279 1176 2328 inquit,
1201 2281 1269 2316 τὸυ
1290 2280 1436 2328 προσώ-

140 2365 212 2389 που
243 2355 308 2389 καὶ
340 2354 536 2397 βασιλικὸν
566 2366 608 2388 ου
640 2352 880 2388 παντάπασιν
908 2352 1078 2398 ἀρνεῖται
1115 2353 1185 2397 τὴν
1220 2351 1438 2396 ἀδηφαγίαν

143 2422 210 2457 καὶ
232 2424 275 2457 τὸ
295 2425 463 2465 σκαφίον.
488 2441 537 2449 -
560 2420 639 2465 Quo
676 2418 820 2456 nomine
835 2416 1117 2462 ‚dissimillimus
1163 2416 1267 2453 Arati
1308 2415 1439 2452 Philo-

139 2502 290 2537 poemen
325 2491 422 2533 fuit,
462 2491 501 2526 in
536 2499 613 2527 arte
653 2481 1140 2539 Gymnastieaoexcolenda,
1170 2487 1438 2535 Epaminondae

140 2560 299 2598 maxime
323 2559 501 2597 rationem
519 2561 731 2621 secutuslV.
755 2561 1040 2608 Philopoemenis
1068 2575 1098 2599 c.
1125 2562 1160 2597 3.
1187 2559 1234 2598 cf.
1262 2560 1377 2607 Nepos
1402 2559 1439 2594 in

144 2632 188 2667 V.
214 2632 490 2679 Epaminondae
515 2646 544 2669 c.
571 2634 606 2669 3.
