<?xml version="1.0" encoding="UTF-8"?>
<!DOCTYPE html PUBLIC "-//W3C//DTD XHTML 1.0 Transitional//EN"
    "http://www.w3.org/TR/xhtml1/DTD/xhtml1-transitional.dtd">
<html xmlns="http://www.w3.org/1999/xhtml" xml:lang="en" lang="en">
 <head>
  <title>
</title>
<meta http-equiv="Content-Type" content="text/html;charset=utf-8" />
  <meta name='ocr-system' content='tesseract 3.04.00' />
  <meta name='ocr-capabilities' content='ocr_page ocr_carea ocr_par ocr_line ocrx_word'/>
</head>
<body>
  <div class='ocr_page' id='page_1' title='image "4737160_0082.png"; bbox 0 0 1630 3217; ppageno 0'>
   <div class='ocr_carea' id='block_1_1' title="bbox 737 243 792 282">
    <p class='ocr_par' dir='ltr' id='par_1_1' title="bbox 737 243 792 282">
     <span class='ocr_line' id='line_1_1' title="bbox 737 243 792 282; baseline -0.018 0"><span class='ocrx_word' id='word_1_1' title='bbox 737 243 792 282; x_wconf 88' lang='lat'>55</span> 
     </span>
    </p>
   </div>
   <div class='ocr_carea' id='block_1_2' title="bbox 111 380 1401 1993">
    <p class='ocr_par' dir='ltr' id='par_1_2' title="bbox 111 380 1401 1993">
     <span class='ocr_line' id='line_1_2' title="bbox 121 380 1401 446; baseline -0.002 -19"><span class='ocrx_word' id='word_1_2' title='bbox 121 384 343 446; x_wconf 82' lang='lat' dir='ltr'><strong>faustisque</strong></span> <span class='ocrx_word' id='word_1_3' title='bbox 365 380 756 438; x_wconf 37' lang='lat' dir='ltr'>,acclamationibus</span> <span class='ocrx_word' id='word_1_4' title='bbox 798 388 870 423; x_wconf 87' lang='lat' dir='ltr'>aut</span> <span class='ocrx_word' id='word_1_5' title='bbox 913 380 1033 423; x_wconf 89' lang='lat' dir='ltr'>bonis</span> <span class='ocrx_word' id='word_1_6' title='bbox 1074 380 1203 434; x_wconf 83' lang='lat' dir='ltr'>tacito</span> <span class='ocrx_word' id='word_1_7' title='bbox 1233 389 1401 438; x_wconf 80' lang='lat' dir='ltr'><strong>pectore</strong></span> 
     </span>
     <span class='ocr_line' id='line_1_3' title="bbox 119 481 1401 543; baseline -0.004 -10"><span class='ocrx_word' id='word_1_8' title='bbox 119 489 223 533; x_wconf 88' lang='lat' dir='ltr'>votis</span> <span class='ocrx_word' id='word_1_9' title='bbox 260 487 533 534; x_wconf 75' lang='lat' dir='ltr'>liberatorem</span> <span class='ocrx_word' id='word_1_10' title='bbox 567 483 761 543; x_wconf 79' lang='lat' dir='ltr'>excipere</span> <span class='ocrx_word' id='word_1_11' title='bbox 791 497 941 538; x_wconf 77' lang='lat' dir='ltr'>suum3</span> <span class='ocrx_word' id='word_1_12' title='bbox 975 497 1060 526; x_wconf 90' lang='lat' dir='ltr'>non</span> <span class='ocrx_word' id='word_1_13' title='bbox 1091 481 1284 541; x_wconf 82' lang='lat' dir='ltr'>adjuvare</span> <span class='ocrx_word' id='word_1_14' title='bbox 1315 483 1401 528; x_wconf 87' lang='lat' dir='ltr'>for-</span> 
     </span>
     <span class='ocr_line' id='line_1_4' title="bbox 118 584 1398 652; baseline -0.003 -17"><span class='ocrx_word' id='word_1_15' title='bbox 118 593 215 652; x_wconf 85' lang='lat' dir='ltr'>titer</span> <span class='ocrx_word' id='word_1_16' title='bbox 232 623 247 645; x_wconf 72' lang='lat'><em>,</em></span> <span class='ocrx_word' id='word_1_17' title='bbox 278 592 350 634; x_wconf 84' lang='lat' dir='ltr'>sed</span> <span class='ocrx_word' id='word_1_18' title='bbox 374 590 621 635; x_wconf 83' lang='lat' dir='ltr'>servitutem</span> <span class='ocrx_word' id='word_1_19' title='bbox 646 588 787 632; x_wconf 88' lang='lat' dir='ltr'>fovere</span> <span class='ocrx_word' id='word_1_20' title='bbox 804 621 816 641; x_wconf 93' lang='lat'>‚</span> <span class='ocrx_word' id='word_1_21' title='bbox 850 594 974 632; x_wconf 87' lang='lat' dir='ltr'>nemo</span> <span class='ocrx_word' id='word_1_22' title='bbox 1006 586 1059 630; x_wconf 86' lang='lat' dir='ltr'>ad</span> <span class='ocrx_word' id='word_1_23' title='bbox 1087 584 1208 631; x_wconf 89' lang='lat' dir='ltr'>illum</span> <span class='ocrx_word' id='word_1_24' title='bbox 1236 587 1398 633; x_wconf 87' lang='lat' dir='ltr'>defice-</span> 
     </span>
     <span class='ocr_line' id='line_1_5' title="bbox 119 688 1400 754; baseline -0.003 -15"><span class='ocrx_word' id='word_1_25' title='bbox 119 711 164 740; x_wconf 91' lang='lat' dir='ltr'>re</span> <span class='ocrx_word' id='word_1_26' title='bbox 181 728 209 748; x_wconf 83' lang='grc'>,,</span> <span class='ocrx_word' id='word_1_27' title='bbox 226 695 336 740; x_wconf 89' lang='lat' dir='ltr'>mori</span> <span class='ocrx_word' id='word_1_28' title='bbox 365 694 442 740; x_wconf 86' lang='lat' dir='ltr'>sub</span> <span class='ocrx_word' id='word_1_29' title='bbox 470 697 651 754; x_wconf 75' lang='lat' dir='ltr'>tyranno</span> <span class='ocrx_word' id='word_1_30' title='bbox 682 691 862 753; x_wconf 80' lang='lat' dir='ltr'>turpiter</span> <span class='ocrx_word' id='word_1_31' title='bbox 875 706 1015 753; x_wconf 73' lang='lat' dir='ltr'>,quam</span> <span class='ocrx_word' id='word_1_32' title='bbox 1032 689 1163 735; x_wconf 82' lang='lat' dir='ltr'>vitam</span> <span class='ocrx_word' id='word_1_33' title='bbox 1178 688 1400 735; x_wconf 74' lang='lat' dir='ltr'>defendere</span> 
     </span>
     <span class='ocr_line' id='line_1_6' title="bbox 117 777 1399 854; baseline -0.006 -9"><span class='ocrx_word' id='word_1_34' title='bbox 117 800 260 845; x_wconf 73' lang='lat' dir='ltr'>mane.</span> <span class='ocrx_word' id='word_1_35' title='bbox 298 799 449 854; x_wconf 69' lang='lat' dir='ltr'>Unde,</span> <span class='ocrx_word' id='word_1_36' title='bbox 466 813 522 844; x_wconf 64' lang='grc' dir='ltr'>ω</span> <span class='ocrx_word' id='word_1_37' title='bbox 550 797 736 851; x_wconf 60' lang='lat' dir='ltr'>infecta,</span> <span class='ocrx_word' id='word_1_38' title='bbox 768 777 1085 840; x_wconf 64' lang='lat' dir='ltr'>redire-Aratus</span> <span class='ocrx_word' id='word_1_39' title='bbox 1113 801 1278 850; x_wconf 74' lang='lat' dir='ltr'>coaetus</span> <span class='ocrx_word' id='word_1_40' title='bbox 1308 800 1399 846; x_wconf 79' lang='lat' dir='ltr'>est,</span> 
     </span>
     <span class='ocr_line' id='line_1_7' title="bbox 115 893 1399 964; baseline -0.008 -18"><span class='ocrx_word' id='word_1_41' title='bbox 115 901 305 964; x_wconf 79' lang='lat' dir='ltr'>illudque</span> <span class='ocrx_word' id='word_1_42' title='bbox 341 902 512 962; x_wconf 89' lang='lat' dir='ltr'>insuper</span> <span class='ocrx_word' id='word_1_43' title='bbox 546 898 765 955; x_wconf 80' lang='lat' dir='ltr'>fortissimi</span> <span class='ocrx_word' id='word_1_44' title='bbox 809 894 1249 956; x_wconf 25' lang='lat' dir='ltr'>conatus-praemium</span> <span class='ocrx_word' id='word_1_45' title='bbox 1271 893 1399 948; x_wconf 88' lang='lat' dir='ltr'>tulit,</span> 
     </span>
     <span class='ocr_line' id='line_1_8' title="bbox 115 1002 1400 1067; baseline -0.005 -17"><span class='ocrx_word' id='word_1_46' title='bbox 115 1015 163 1051; x_wconf 90' lang='lat' dir='ltr'>ut</span> <span class='ocrx_word' id='word_1_47' title='bbox 203 1005 367 1059; x_wconf 76' lang='lat' dir='ltr'>bellum</span> <span class='ocrx_word' id='word_1_48' title='bbox 403 1005 461 1049; x_wconf 78' lang='lat' dir='ltr'>in.</span> <span class='ocrx_word' id='word_1_49' title='bbox 481 1006 585 1067; x_wconf 82' lang='lat' dir='ltr'>pace</span> <span class='ocrx_word' id='word_1_50' title='bbox 623 1002 800 1051; x_wconf 86' lang='lat' dir='ltr'>movisse</span> <span class='ocrx_word' id='word_1_51' title='bbox 838 1017 863 1045; x_wconf 90' lang='lat' dir='ltr'>a</span> <span class='ocrx_word' id='word_1_52' title='bbox 902 1010 1080 1061; x_wconf 72' lang='lat' dir='ltr'>tyranno</span> <span class='ocrx_word' id='word_1_53' title='bbox 1107 1008 1400 1052; x_wconf 73' lang='lat' dir='ltr'>accusarentur</span> 
     </span>
     <span class='ocr_line' id='line_1_9' title="bbox 117 1106 1399 1170; baseline -0.005 -15"><span class='ocrx_word' id='word_1_54' title='bbox 117 1109 310 1156; x_wconf 61' lang='lat' dir='ltr'>Achaei„</span> <span class='ocrx_word' id='word_1_55' title='bbox 339 1109 467 1170; x_wconf 77' lang='lat' dir='ltr'>Apud</span> <span class='ocrx_word' id='word_1_56' title='bbox 489 1108 830 1160; x_wconf 69' lang='lat' dir='ltr'>Mantineenses,</span> <span class='ocrx_word' id='word_1_57' title='bbox 864 1107 940 1167; x_wconf 87' lang='lat' dir='ltr'>qui</span> <span class='ocrx_word' id='word_1_58' title='bbox 964 1113 1066 1151; x_wconf 90' lang='lat' dir='ltr'>tunc</span> <span class='ocrx_word' id='word_1_59' title='bbox 1089 1106 1167 1150; x_wconf 92' lang='lat' dir='ltr'>sub</span> <span class='ocrx_word' id='word_1_60' title='bbox 1194 1107 1399 1152; x_wconf 83' lang='lat' dir='ltr'>Macedo-</span> 
     </span>
     <span class='ocr_line' id='line_1_10' title="bbox 115 1210 1399 1265; baseline -0.003 -9"><span class='ocrx_word' id='word_1_61' title='bbox 115 1213 238 1256; x_wconf 86' lang='lat' dir='ltr'>nibus</span> <span class='ocrx_word' id='word_1_62' title='bbox 265 1221 385 1255; x_wconf 88' lang='lat' dir='ltr'>erant</span> <span class='ocrx_word' id='word_1_63' title='bbox 422 1213 460 1265; x_wconf 89' lang='lat'>¹)</span> <span class='ocrx_word' id='word_1_64' title='bbox 481 1245 492 1264; x_wconf 91' lang='lat'>,</span> <span class='ocrx_word' id='word_1_65' title='bbox 519 1212 697 1256; x_wconf 74' lang='lat' dir='ltr'>absente</span> <span class='ocrx_word' id='word_1_66' title='bbox 731 1211 861 1254; x_wconf 83' lang='lat' dir='ltr'>Arato</span> <span class='ocrx_word' id='word_1_67' title='bbox 880 1243 893 1263; x_wconf 91' lang='lat'><em>‚</em></span> <span class='ocrx_word' id='word_1_68' title='bbox 925 1212 1046 1261; x_wconf 85' lang='lat' dir='ltr'>causa</span> <span class='ocrx_word' id='word_1_69' title='bbox 1087 1218 1180 1259; x_wconf 86' lang='lat' dir='ltr'>acta</span> <span class='ocrx_word' id='word_1_70' title='bbox 1201 1210 1263 1255; x_wconf 86' lang='lat' dir='ltr'>est</span> <span class='ocrx_word' id='word_1_71' title='bbox 1277 1243 1289 1263; x_wconf 94' lang='lat'><strong><em>,</em></strong></span> <span class='ocrx_word' id='word_1_72' title='bbox 1321 1210 1399 1253; x_wconf 86' lang='lat' dir='ltr'>lis-</span> 
     </span>
     <span class='ocr_line' id='line_1_11' title="bbox 115 1313 1400 1376; baseline -0.001 -18"><span class='ocrx_word' id='word_1_73' title='bbox 115 1331 198 1376; x_wconf 81' lang='lat' dir='ltr'>que</span> <span class='ocrx_word' id='word_1_74' title='bbox 221 1314 399 1360; x_wconf 82' lang='lat' dir='ltr'>Achaeis</span> <span class='ocrx_word' id='word_1_75' title='bbox 438 1313 762 1376; x_wconf 78' lang='lat' dir='ltr'>trigintaminis</span> <span class='ocrx_word' id='word_1_76' title='bbox 792 1314 1006 1366; x_wconf 85' lang='lat' dir='ltr'>aestimata</span> <span class='ocrx_word' id='word_1_77' title='bbox 1043 1314 1097 1362; x_wconf 77' lang='grc'>2).</span> <span class='ocrx_word' id='word_1_78' title='bbox 1132 1314 1303 1359; x_wconf 85' lang='lat' dir='ltr'>Frustra</span> <span class='ocrx_word' id='word_1_79' title='bbox 1326 1313 1400 1358; x_wconf 88' lang='lat' dir='ltr'>de-</span> 
     </span>
     <span class='ocr_line' id='line_1_12' title="bbox 113 1389 1396 1478; baseline -0.001 -17"><span class='ocrx_word' id='word_1_80' title='bbox 113 1417 214 1461; x_wconf 92' lang='lat' dir='ltr'>hinc</span> <span class='ocrx_word' id='word_1_81' title='bbox 242 1418 506 1478; x_wconf 83' lang='lat' dir='ltr'>Aristippus,</span> <span class='ocrx_word' id='word_1_82' title='bbox 541 1389 678 1478; x_wconf 85' lang='lat' dir='ltr'>(cujus</span> <span class='ocrx_word' id='word_1_83' title='bbox 704 1419 832 1463; x_wconf 80' lang='lat' dir='ltr'>vitam</span> <span class='ocrx_word' id='word_1_84' title='bbox 858 1419 1026 1463; x_wconf 86' lang='lat' dir='ltr'>beatam</span> <span class='ocrx_word' id='word_1_85' title='bbox 1056 1427 1184 1478; x_wconf 86' lang='lat' dir='ltr'>atque</span> <span class='ocrx_word' id='word_1_86' title='bbox 1206 1415 1396 1461; x_wconf 87' lang='lat' dir='ltr'>inviden-</span> 
     </span>
     <span class='ocr_line' id='line_1_13' title="bbox 112 1520 1395 1582; baseline -0.001 -17"><span class='ocrx_word' id='word_1_87' title='bbox 112 1520 210 1565; x_wconf 79' lang='lat' dir='ltr'>dam</span> <span class='ocrx_word' id='word_1_88' title='bbox 256 1521 405 1566; x_wconf 79' lang='lat' dir='ltr'>vividis</span> <span class='ocrx_word' id='word_1_89' title='bbox 449 1522 647 1567; x_wconf 91' lang='lat' dir='ltr'>orationis</span> <span class='ocrx_word' id='word_1_90' title='bbox 695 1522 905 1566; x_wconf 90' lang='lat' dir='ltr'>coloribus</span> <span class='ocrx_word' id='word_1_91' title='bbox 958 1522 1176 1582; x_wconf 83' lang='lat' dir='ltr'>descripsit</span> <span class='ocrx_word' id='word_1_92' title='bbox 1228 1520 1395 1566; x_wconf 85' lang='lat' dir='ltr'>Plutar-</span> 
     </span>
     <span class='ocr_line' id='line_1_14' title="bbox 113 1617 1396 1685; baseline -0.001 -18"><span class='ocrx_word' id='word_1_93' title='bbox 113 1621 215 1667; x_wconf 84' lang='lat' dir='ltr'>chus</span> <span class='ocrx_word' id='word_1_94' title='bbox 236 1617 274 1665; x_wconf 80' lang='grc'>3)</span> <span class='ocrx_word' id='word_1_95' title='bbox 293 1656 305 1677; x_wconf 92' lang='grc'><strong><em>,</em></strong></span> <span class='ocrx_word' id='word_1_96' title='bbox 326 1622 525 1682; x_wconf 88' lang='lat' dir='ltr'>adjutore</span> <span class='ocrx_word' id='word_1_97' title='bbox 538 1622 752 1683; x_wconf 68' lang='lat' dir='ltr'>Antigono</span> <span class='ocrx_word' id='word_1_98' title='bbox 765 1624 927 1669; x_wconf 74' lang='lat' dir='ltr'>Gonata</span> <span class='ocrx_word' id='word_1_99' title='bbox 943 1657 956 1678; x_wconf 91' lang='lat'>‚</span> <span class='ocrx_word' id='word_1_100' title='bbox 970 1623 1198 1685; x_wconf 61' lang='lat' dir='ltr'>multisque</span> <span class='ocrx_word' id='word_1_101' title='bbox 1212 1624 1320 1674; x_wconf 73' lang='lat' dir='ltr'>sead</span> <span class='ocrx_word' id='word_1_102' title='bbox 1337 1624 1396 1666; x_wconf 92' lang='lat' dir='ltr'>il-</span> 
     </span>
     <span class='ocr_line' id='line_1_15' title="bbox 111 1723 1397 1787; baseline 0.004 -20"><span class='ocrx_word' id='word_1_103' title='bbox 111 1723 185 1768; x_wconf 90' lang='lat' dir='ltr'>lud</span> <span class='ocrx_word' id='word_1_104' title='bbox 200 1737 304 1784; x_wconf 84' lang='lat' dir='ltr'>opus</span> <span class='ocrx_word' id='word_1_105' title='bbox 318 1733 483 1786; x_wconf 80' lang='lat' dir='ltr'>paratos</span> <span class='ocrx_word' id='word_1_106' title='bbox 493 1725 535 1768; x_wconf 88' lang='lat' dir='ltr'>ci</span> <span class='ocrx_word' id='word_1_107' title='bbox 549 1724 853 1786; x_wconf 86' lang='lat' dir='ltr'>praebentibus</span> <span class='ocrx_word' id='word_1_108' title='bbox 870 1724 883 1779; x_wconf 56' lang='lat'>&#39;‚</span> <span class='ocrx_word' id='word_1_109' title='bbox 900 1726 1074 1787; x_wconf 83' lang='lat' dir='ltr'>laqueos</span> <span class='ocrx_word' id='word_1_110' title='bbox 1089 1727 1289 1771; x_wconf 88' lang='lat' dir='ltr'>tendebat</span> <span class='ocrx_word' id='word_1_111' title='bbox 1307 1728 1397 1772; x_wconf 90' lang='lat' dir='ltr'>viro</span> 
     </span>
     <span class='ocr_line' id='line_1_16' title="bbox 112 1829 1400 1892; baseline 0.005 -22"><span class='ocrx_word' id='word_1_112' title='bbox 112 1829 222 1872; x_wconf 87' lang='lat' dir='ltr'>inter</span> <span class='ocrx_word' id='word_1_113' title='bbox 240 1844 334 1873; x_wconf 83' lang='lat' dir='ltr'>suos</span> <span class='ocrx_word' id='word_1_114' title='bbox 356 1829 582 1888; x_wconf 81' lang='lat' dir='ltr'>spectabili</span> <span class='ocrx_word' id='word_1_115' title='bbox 602 1838 645 1873; x_wconf 89' lang='lat' dir='ltr'>et</span> <span class='ocrx_word' id='word_1_116' title='bbox 660 1830 839 1890; x_wconf 75' lang='lat' dir='ltr'>gratioso</span> <span class='ocrx_word' id='word_1_117' title='bbox 854 1864 867 1885; x_wconf 93' lang='lat'>,</span> <span class='ocrx_word' id='word_1_118' title='bbox 888 1830 1045 1892; x_wconf 85' lang='lat' dir='ltr'>cuique</span> <span class='ocrx_word' id='word_1_119' title='bbox 1059 1831 1217 1877; x_wconf 90' lang='lat' dir='ltr'>civium</span> <span class='ocrx_word' id='word_1_120' title='bbox 1231 1847 1400 1883; x_wconf 87' lang='lat' dir='ltr'>suorum</span> 
     </span>
     <span class='ocr_line' id='line_1_17' title="bbox 111 1932 1396 1993; baseline -0.001 -16"><span class='ocrx_word' id='word_1_121' title='bbox 111 1932 399 1978; x_wconf 82' lang='lat' dir='ltr'>benevolentia</span> <span class='ocrx_word' id='word_1_122' title='bbox 437 1948 514 1993; x_wconf 84' lang='lat' dir='ltr'>pro</span> <span class='ocrx_word' id='word_1_123' title='bbox 555 1933 708 1992; x_wconf 76' lang='lat' dir='ltr'>clypeo</span> <span class='ocrx_word' id='word_1_124' title='bbox 754 1942 845 1976; x_wconf 86' lang='lat' dir='ltr'>erat</span> <span class='ocrx_word' id='word_1_125' title='bbox 879 1932 1174 1992; x_wconf 88' lang='lat' dir='ltr'>septemplici,</span> <span class='ocrx_word' id='word_1_126' title='bbox 1209 1949 1292 1993; x_wconf 88' lang='lat' dir='ltr'>quo</span> <span class='ocrx_word' id='word_1_127' title='bbox 1320 1934 1396 1976; x_wconf 91' lang='lat' dir='ltr'>ad-</span> 
     </span>
    </p>
   </div>
   <div class='ocr_carea' id='block_1_3' title="bbox 110 2035 1414 2098">
    <p class='ocr_par' dir='ltr' id='par_1_3' title="bbox 110 2035 1414 2098">
     <span class='ocr_line' id='line_1_18' title="bbox 110 2035 1414 2098; baseline 0 -17"><span class='ocrx_word' id='word_1_128' title='bbox 110 2037 389 2083; x_wconf 85' lang='lat' dir='ltr'>versariorum</span> <span class='ocrx_word' id='word_1_129' title='bbox 416 2037 499 2081; x_wconf 91' lang='lat' dir='ltr'>tela</span> <span class='ocrx_word' id='word_1_130' title='bbox 516 2035 764 2098; x_wconf 89' lang='lat' dir='ltr'>repelleret:</span> <span class='ocrx_word' id='word_1_131' title='bbox 803 2051 887 2098; x_wconf 89' lang='lat' dir='ltr'>quo</span> <span class='ocrx_word' id='word_1_132' title='bbox 918 2036 963 2080; x_wconf 87' lang='lat' dir='ltr'>in</span> <span class='ocrx_word' id='word_1_133' title='bbox 993 2035 1086 2081; x_wconf 93' lang='lat' dir='ltr'>loco</span> <span class='ocrx_word' id='word_1_134' title='bbox 1109 2036 1276 2097; x_wconf 80' lang='lat' dir='ltr'>egregie</span> <span class='ocrx_word' id='word_1_135' title='bbox 1299 2036 1414 2097; x_wconf 61' lang='lat' dir='ltr'>phi-2</span> 
     </span>
    </p>
   </div>
   <div class='ocr_carea' id='block_1_4' title="bbox 105 2224 1397 2614">
    <p class='ocr_par' dir='ltr' id='par_1_4' title="bbox 105 2224 1397 2411">
     <span class='ocr_line' id='line_1_19' title="bbox 162 2224 771 2262; baseline -0.002 0"><span class='ocrx_word' id='word_1_136' title='bbox 162 2226 194 2262; x_wconf 86' lang='lat'>¹)</span> <span class='ocrx_word' id='word_1_137' title='bbox 241 2224 433 2260; x_wconf 84' lang='lat' dir='ltr'>Pausanias</span> <span class='ocrx_word' id='word_1_138' title='bbox 460 2224 619 2260; x_wconf 80' lang='lat' dir='ltr'>Corinth.</span> <span class='ocrx_word' id='word_1_139' title='bbox 648 2224 771 2261; x_wconf 86' lang='lat' dir='ltr'><strong><em>VIII.</em></strong></span> 
     </span>
     <span class='ocr_line' id='line_1_20' title="bbox 126 2277 1397 2337; baseline -0.001 -6"><span class='ocrx_word' id='word_1_140' title='bbox 126 2277 129 2280; x_wconf 17' lang='grc' dir='ltr'><em>Δ</em></span> <span class='ocrx_word' id='word_1_141' title='bbox 156 2295 191 2336; x_wconf 69' lang='grc'>9)</span> <span class='ocrx_word' id='word_1_142' title='bbox 237 2295 293 2332; x_wconf 85' lang='lat' dir='ltr'>De</span> <span class='ocrx_word' id='word_1_143' title='bbox 329 2295 395 2332; x_wconf 82' lang='lat' dir='ltr'>hae</span> <span class='ocrx_word' id='word_1_144' title='bbox 429 2293 494 2331; x_wconf 86' lang='lat' dir='ltr'>lite</span> <span class='ocrx_word' id='word_1_145' title='bbox 520 2294 577 2332; x_wconf 87' lang='lat' dir='ltr'>Cf.</span> <span class='ocrx_word' id='word_1_146' title='bbox 593 2289 781 2337; x_wconf 71' lang='lat' dir='ltr'>Mamm-t,</span> <span class='ocrx_word' id='word_1_147' title='bbox 811 2278 1009 2331; x_wconf 70' lang='lat' dir='ltr'>Gescizichte</span> <span class='ocrx_word' id='word_1_148' title='bbox 1033 2297 1097 2331; x_wconf 84' lang='lat' dir='ltr'>der</span> <span class='ocrx_word' id='word_1_149' title='bbox 1121 2296 1397 2331; x_wconf 70' lang='lat' dir='ltr'>nnmittelbaren</span> 
     </span>
     <span class='ocr_line' id='line_1_21' title="bbox 105 2355 870 2411; baseline 0.005 -13"><span class='ocrx_word' id='word_1_150' title='bbox 105 2355 330 2411; x_wconf 72' lang='lat' dir='ltr'>Nachfolqer</span> <span class='ocrx_word' id='word_1_151' title='bbox 355 2368 584 2402; x_wconf 75' lang='lat' dir='ltr'>Alexandere</span> <span class='ocrx_word' id='word_1_152' title='bbox 609 2368 637 2403; x_wconf 87' lang='lat'>1.</span> <span class='ocrx_word' id='word_1_153' title='bbox 662 2368 752 2402; x_wconf 91' lang='lat' dir='ltr'><strong><em>III.</em></strong></span> <span class='ocrx_word' id='word_1_154' title='bbox 779 2379 809 2402; x_wconf 83' lang='lat' dir='ltr'>c.</span> <span class='ocrx_word' id='word_1_155' title='bbox 833 2369 870 2402; x_wconf 86' lang='lat'>6.</span> 
     </span>
    </p>

    <p class='ocr_par' dir='ltr' id='par_1_5' title="bbox 109 2429 1395 2614">
     <span class='ocr_line' id='line_1_22' title="bbox 156 2429 1395 2483; baseline 0.001 -14"><span class='ocrx_word' id='word_1_156' title='bbox 156 2429 188 2464; x_wconf 73' lang='lat'>⁵)</span> <span class='ocrx_word' id='word_1_157' title='bbox 239 2434 292 2470; x_wconf 82' lang='lat' dir='ltr'>Ad</span> <span class='ocrx_word' id='word_1_158' title='bbox 318 2436 495 2483; x_wconf 75' lang='lat' dir='ltr'>egregium</span> <span class='ocrx_word' id='word_1_159' title='bbox 521 2434 716 2473; x_wconf 87' lang='lat' dir='ltr'>sistendum</span> <span class='ocrx_word' id='word_1_160' title='bbox 742 2443 974 2483; x_wconf 83' lang='lat' dir='ltr'>tyrannorum</span> <span class='ocrx_word' id='word_1_161' title='bbox 1001 2448 1064 2483; x_wconf 84' lang='lat' dir='ltr'>par</span> <span class='ocrx_word' id='word_1_162' title='bbox 1090 2435 1293 2475; x_wconf 79' lang='lat' dir='ltr'>conseratur</span> <span class='ocrx_word' id='word_1_163' title='bbox 1319 2448 1395 2471; x_wconf 90' lang='lat' dir='ltr'>om-</span> 
     </span>
     <span class='ocr_line' id='line_1_23' title="bbox 109 2501 1386 2554; baseline 0.002 -17"><span class='ocrx_word' id='word_1_164' title='bbox 109 2501 191 2537; x_wconf 86' lang='lat' dir='ltr'>nino</span> <span class='ocrx_word' id='word_1_165' title='bbox 217 2503 308 2547; x_wconf 87' lang='lat' dir='ltr'>apud</span> <span class='ocrx_word' id='word_1_166' title='bbox 323 2505 471 2540; x_wconf 83' lang='lat' dir='ltr'>eundem</span> <span class='ocrx_word' id='word_1_167' title='bbox 486 2506 600 2552; x_wconf 78' lang='lat' dir='ltr'>imago</span> <span class='ocrx_word' id='word_1_168' title='bbox 626 2506 793 2554; x_wconf 78' lang='lat' dir='ltr'>Dionysii</span> <span class='ocrx_word' id='word_1_169' title='bbox 819 2507 964 2552; x_wconf 82' lang='lat' dir='ltr'>majoris</span> <span class='ocrx_word' id='word_1_170' title='bbox 993 2511 1028 2541; x_wconf 81' lang='lat' dir='ltr'>in</span> <span class='ocrx_word' id='word_1_171' title='bbox 1057 2510 1099 2543; x_wconf 88' lang='lat' dir='ltr'>V.</span> <span class='ocrx_word' id='word_1_172' title='bbox 1113 2510 1254 2544; x_wconf 83' lang='lat' dir='ltr'>Dionis.</span> <span class='ocrx_word' id='word_1_173' title='bbox 1273 2522 1298 2543; x_wconf 87' lang='lat' dir='ltr'>c.</span> <span class='ocrx_word' id='word_1_174' title='bbox 1318 2508 1386 2542; x_wconf 83' lang='lat' dir='ltr'>IX</span> 
     </span>
     <span class='ocr_line' id='line_1_24' title="bbox 110 2571 978 2614; baseline 0.008 -10"><span class='ocrx_word' id='word_1_175' title='bbox 110 2571 187 2606; x_wconf 79' lang='lat' dir='ltr'>coll.</span> <span class='ocrx_word' id='word_1_176' title='bbox 215 2571 400 2611; x_wconf 76' lang='lat' dir='ltr'>Cicerone,</span> <span class='ocrx_word' id='word_1_177' title='bbox 429 2573 536 2610; x_wconf 78' lang='lat' dir='ltr'>Tusc,</span> <span class='ocrx_word' id='word_1_178' title='bbox 565 2574 712 2614; x_wconf 74' lang='lat' dir='ltr'>Qua-est.</span> <span class='ocrx_word' id='word_1_179' title='bbox 740 2577 764 2610; x_wconf 84' lang='lat' dir='ltr'>l.</span> <span class='ocrx_word' id='word_1_180' title='bbox 795 2575 836 2611; x_wconf 92' lang='lat' dir='ltr'>V.</span> <span class='ocrx_word' id='word_1_181' title='bbox 864 2589 891 2610; x_wconf 85' lang='lat' dir='ltr'>c.</span> <span class='ocrx_word' id='word_1_182' title='bbox 919 2576 978 2611; x_wconf 86' lang='lat'>20.</span> 
     </span>
    </p>
   </div>
  </div>
 </body>
</html>
