1630 3217
812 295 869 339 13

206 419 436 509 plurimum
464 442 630 492 valent,
663 436 915 497 aequalitate
944 444 985 479 et
1021 434 1338 495 philanthropia
1353 466 1364 485 ,
1397 435 1481 476 voti

209 550 271 593 sui
292 548 484 592 celeriter
506 555 683 602 compos
710 548 774 585 est
795 540 929 587 factat
959 537 1027 586 Cf.
1061 539 1208 596 Polyb.
1243 554 1286 598 p.
1320 537 1406 581 126
1440 537 1493 583 ¹).

269 649 365 693 Mox
394 648 447 691 ab
475 647 599 691 initio
618 644 824 705 repetitae
845 638 1207 702 libertatisatque
1236 641 1491 685 instauratae

210 752 418 797 societatis
447 763 629 794 summos
655 746 889 809 praefectos
920 762 952 790 s.
984 749 1256 809 Στρατηγρύς
1290 741 1392 786 duos
1420 740 1495 784 ha-

209 857 392 899 buerunt
421 868 445 896 e
469 851 640 913 singulis
665 850 847 895 vicissim
873 823 1116 893 civitatibus
1136 882 1147 901 ,
1193 846 1317 891 editis
1353 846 1494 891 suffra—

209 957 318 1017 giis,
367 956 538 1000 electos·
561 970 660 1000 eum
709 961 916 1016 potestate
952 954 1120 1006 annu53
1173 951 1238 995 his
1281 950 1419 995 scriba
1461 966 1494 993 s.

213 1066 490 1120 Γραμματεύς
518 1049 684 1104 additus
715 1058 797 1102 fuit
829 1070 868 1117 2)
895 1056 1023 1116 idque
1040 1055 1085 1097 in
1110 1068 1229 1097 more
1256 1050 1409 1096 mansit
1421 1064 1496 1111 per

169 1207 173 1209 ,
212 1179 340 1207 annos
367 1162 502 1207 XXV.
567 1159 732 1204 Deinde
756 1173 891 1207 unum
930 1156 1155 1218 quotannis
1188 1168 1328 1199 creare
1365 1153 1496 1197 Prae-

215 1265 375 1308 fectum
429 1278 462 1307 s.
515 1260 757 1305 Praetorem
810 1259 970 1321 placuit
996 1294 1007 1314 ,
1069 1259 1140 1303 cui
1195 1251 1501 1319 adjungebatur

216 1368 448 1426 Ἱππάρχης
475 1382 507 1411 s.
541 1364 738 1427 magister
766 1364 976 1427 equitum.
1041 1362 1206 1408 Primus
1244 1361 1368 1406 unius
1404 1360 1501 1404 anni

217 1472 389 1517 Praetor
410 1472 574 1517 Marcus
604 1469 850 1529 Carynensis
877 1470 973 1514 fuit.
1010 1476 1067 1513 a0.
1098 1483 1136 1513 a.
1165 1465 1214 1513 C.
1250 1469 1356 1511 255.
1381 1482 1415 1510 S.
1441 1474 1499 1510 a0.

222 1576 408 1621 Achaico
435 1576 575 1620 XXVI
605 1610 614 1620 .
655 1579 713 1635 ²).

207 1721 211 1724 -
265 1706 297 1742 ’1)
349 1700 472 1748 Heyne
510 1701 579 1748 Op.
605 1699 635 1736 l.
659 1711 700 1736 ea
716 1723 726 1741 ‚
754 1710 843 1745 quae
869 1698 908 1733 in
938 1697 1050 1733 simili
1075 1698 1217 1734 foedere
1244 1705 1327 1733 sunt
1350 1704 1413 1733 aut
1429 1709 1505 1733 esse

216 1776 387 1814 possunt,
426 1769 464 1804 in
490 1767 554 1805 illo
579 1769 687 1805 fuere
703 1768 848 1805 omnia:
885 1775 963 1804 erat
986 1780 1123 1804 summa
1154 1767 1250 1815 ’juris
1277 1766 1475 1815 aequalitas
1493 1792 1504 1809 ,

212 1850 296 1875 eum
324 1837 542 1882 singulorum
564 1837 733 1874 libertate
760 1845 796 1874 et
821 1838 859 1872 in
887 1837 1051 1885 populari
1075 1837 1173 1873 statu
1199 1834 1333 1884 optime
1371 1821 1509 1872 consti-

216 1912 308 1942 tuto.
334 1925 380 1931 -
405 1904 535 1941 Grillies
571 1904 638 1952 Op.
672 1905 700 1942 l.
721 1906 827 1945 Part.
866 1891 899 1943 Ι.Ι
934 1907 1005 1944 vol.
1043 1908 1095 1944 Π.
1120 1908 1178 1945 ch.
1203 1908 1267 1946 xl.
1290 1906 1507 1955 reipublicae

218 1975 391 2016 sormam,
408 1987 476 2022 qua
499 1973 632 2011 Achaei
659 1974 715 2010 usi
741 1982 835 2017 sunt,
861 1983 985 2012 vocat:
1013 1987 1082 2010 »an
1117 1974 1291 2011 excellent
1315 1983 1447 2023 system
1470 1976 1513 2011 of

218 2051 473 2090 »government
484 2039 596 2079 which
608 2042 761 2079 check‘ed
782 2042 842 2080 the
866 2042 1042 2080 ambition
1057 2069 1067 2086 ‚
1104 2044 1207 2080 while
1233 2046 1265 2081 it
1288 2041 1514 2081 maintained*

218 2112 305 2149 »the
341 2111 600 2159 independence
624 2111 665 2148 of
686 2111 844 2156 Achaia,
861 2120 898 2150 et
929 2112 1030 2149 Part.
1064 2112 1116 2149 ΙΙ.
1150 2112 1221 2150 vol.
1247 2113 1298 2150 ΙΙ.
1324 2112 1382 2149 ch.
1407 2112 1509 2149 XIII.

220 2181 312 2218 »full
331 2182 469 2218 sredom
489 2164 531 2217 <if
543 2181 669 2229 speech
682 2206 693 2222 .
720 2182 856 2229 perfect
880 2181 1037 2229 equality
1053 2182 1094 2217 of
1104 2181 1168 2217 law
1182 2206 1192 2223 ‚
1218 2181 1402 2217 universal
1414 2181 1512 2227 right

212 2250 286 2286 *»of
307 2248 458 2296 suffrage
484 2249 552 2286 and
577 2246 757 2287 universal
779 2245 975 2299 eligibility
1000 2259 1035 2288 to
1059 2247 1179 2294 office,
1207 2245 1343 2288 formed
1356 2252 1416 2289 the
1432 2252 1512 2288 sour

221 2311 513 2357 »corner-stenes
539 2320 580 2356 of
601 2320 662 2365 the
688 2321 848 2358 Achaian
873 2320 978 2358 cities
1016 2321 1279 2369 individually‚
1318 2319 1516 2358 whileallof

221 2389 344 2426 »them
382 2389 604 2438 collectively
628 2404 717 2428 were
743 2391 867 2428 united
898 2392 937 2427 in
960 2404 979 2427 a
1007 2391 1238 2439 confederacy
1263 2390 1304 2427 of
1323 2391 1515 2427 sentiment

222 2469 284 2494 »as
309 2458 387 2494 well
412 2473 451 2496 as
476 2460 518 2497 of
539 2461 734 2499 interest.'’

270 2539 304 2573 2)
353 2528 409 2566 Cf.
434 2530 564 2578 Polyb.
588 2532 641 2569 11.
665 2545 703 2569 c·
728 2534 788 2569 43.
813 2534 1039 2581 γραμματέα
1054 2532 1216 2566 κοινὸνέκ
1230 2531 1510 2578 memormemo-

222 2594 478 2647 χεὶριζόμεναι
505 2600 569 2632 καὶ
596 2601 665 2634 δύο
693 2602 911 2647 ςρατηγοίᾫ.

274 2678 306 2712 3)
359 2665 418 2703 Cf.
439 2668 536 2713 fasti
561 2665 724 2703 Achai'ci.
