1630 3217
815 317 899 363 140

208 465 365 510 infitias
410 463 510 511 ibit..
569 461 899 524 Qualiscunque-
919 456 1035 509 enim
1073 471 1293 509 caeterum*
1309 465 1392 509 *vir
1420 467 1499 513 ille*

166 602 169 604 -
210 567 428 613 habendus
456 577 544 623 est,
578 583 705 630 quem
735 565 950 612 Plutarchi
977 569 1249 630 praeconium
1272 576 1502 630 tantopere·

208 671 481 727 nobilitavit,
526 671 603 733 qui
635 671 829 715 divinum
857 672 1069 733 quendam
1096 674 1307 734 spiritum·
1325 688 1493 719 movere

208 774 447 835 Phylarcho
488 777 628 838 potuit
648 811 659 830 ,
705 776 781 837 qui
809 777 1059 835 Polybium,
1092 777 1206 822 haud
1238 779 1319 822 una
1343 778 1388 821 in
1413 792 1460 821 re
1478 811 1491 830 ‚

209 882 391 927 invitum
410 917 422 937 ‚
457 891 504 927 ut
532 897 626 926 vere
650 879 758 923 mihi
778 880 919 924 dicere
940 880 1085 924 videor
1104 915 1116 934 ‚
1148 881 1408 925 laudatorem
1420 878 1498 922 in·-

210 984 349 1031 venit':
387 982 427 1030 ei
449 993 562 1030 certe
591 981 740 1029 similis
768 983 896 1029 fuisse
920 982 1090 1028 videtur
1118 983 1219 1042 qui,

1331 1080 1439 1109 acer
1452 1100 1464 1119 ‚

281 1176 285 1179 ’
310 1173 438 1218 lura
452 1179 582 1234 neget
597 1172 689 1215 siba·
700 1179 811 1215 nata
823 1205 844 1226 ,.
862 1172 985 1216 nihil
996 1186 1082 1215 non
1098 1176 1289 1232 arroget
1301 1173 1474 1214 armz'S..

270 1295 320 1340 Si
335 1311 480 1340 verum
493 1296 617 1340 video
630 1331 642 1352 ,
654 1296 829 1357 egregiis
845 1297 916 1341 ille
933 1274 1466 1341 condecoratusvirtutibus
1484 1329 1497 1349 ‚

212 1399 406 1444 insatiata
427 1399 664 1461 imperandi
686 1399 877 1443 lubidine
896 1432 909 1453 ‚
941 1399 1100 1443 Iulium
1127 1399 1345 1444 Caesarem
1374 1399 1499 1443 adae-

158 1500 162 1504 ’
211 1500 384 1562 quabat.
432 1500 595 1545 'Talem
624 1503 765 1546 autem
791 1502 928 1547 virum
955 1501 1238 1561 gubernacula
1254 1536 1266 1556 ,
1292 1489 1419 1546 semel
1434 1517 1499 1546 ar-

211 1614 329 1667 repta
345 1639 357 1661 ‚
404 1605 530 1651 facile
568 1607 792 1652 missurum
822 1607 947 1653 fuisse
967 1642 979 1662 ,
1013 1608 1107 1669 quis
1133 1617 1193 1653 est
1210 1642 1222 1662 ,
1257 1597 1336 1669 qui
1353 1607 1499 1653 existi-

209 1717 299 1753 met
313 1712 336 1753 ⁴?
398 1711 537 1755 Immo
567 1726 668 1754 vero
685 1710 926 1763 dominari,
958 1710 1085 1753 nullis
1098 1710 1305 1754 limitibus
1319 1709 1502 1753 circum-

210 1814 370 1874 scripto
396 1796 577 1873 imperio
611 1811 855 1867 maluisset,
889 1829 1043 1873 quam,
1075 1828 1183 1873 quae
1210 1826 1295 1855 non
1323 1810 1498 1855 arbitrio

210 1918 300 1977 ipse
324 1931 398 1960 suo
425 1915 650 1968 sanxisset,
683 1913 918 1958 miserenti&
945 1896 1160 1974 prosequi.
1229 1913 1318 1973 Age
1336 1946 1347 1966 ,
1381 1911 1501 1956 A'rati

211 2017 357 2064 contra
381 2020 614 2063 recolamus
638 2018 864 2078 imaginem
880 2051 891 2070 ‚
925 2015 1058 2076 qualis
1085 2015 1167 2058 fuit
1184 2047 1196 2067 ,
1231 2018 1363 2073 quu'm
1382 2046 1395 2066 ‚
1405 2014 1501 2072 flo-

211 2131 362 2177 rente,
386 2123 445 2166 'ut
475 2122 535 2166 ait
560 2102 686 2182 poeta
704 2155 716 2173 ,
750 2127 899 2163 aetate
919 2118 1137 2179 fervidus
1157 2149 1169 2169 ‚
1203 2130 1335 2160 unum
1352 2114 1503 2158 foedus

208 2227 446 2273 Achaicum
461 2261 473 2280 ,
492 2225 673 2270 >delicias
701 2239 791 2267 suas
805 2257 817 2277 ,
846 2223 1037 2274 intuens,
1063 2234 1142 2281 pro
1159 2235 1209 2263 eo
1222 2219 1499 2263 corroboran*

211 2332 267 2376 do
286 2365 298 2384 ,
329 2329 628 2390 amplificando
645 2363 657 2382 ‚
683 2326 929 2371 illustrando
946 2359 958 2379 ‚
990 2339 1110 2369 curas
1137 2338 1279 2365 omnes
1294 2312 1321 2375 ,Ῐ
1337 2336 1500 2365 aerum·-

209 2452 281 2480 nas
292 2467 305 2488 ,
318 2432 482 2494 vigilias
495 2431 622 2476 nihili
640 2430 828 2474 duceret.
862 2429 914 2472 In
932 2426 1108 2471 delubro
1125 2425 1198 2470 illo
1215 2425 1506 2486 augustissimo

211 2537 551 2590 exaedificando‚
601 2533 724 2595 (quid
760 2531 958 2576 societate
979 2529 1234 2592 populorum
1262 2528 1500 2588 augustius,

211 2643 389 2690 sanctius
406 2642 447 2701 2)
495 2655 663 2686 omnem
704 2637 868 2684 intente
906 2640 1158 2695 transegerat
1191 2634 1338 2682 vitam.
1415 2627 1504 2676 Ubi
