1630 3217
826 325 913 367 144

211 465 534 513 considerandas
591 478 751 510 cense0.
832 443 1055 523 'Quocirca
1074 500 1085 519 ,
1133 468 1206 526 qui
1262 467 1305 510 in
1351 482 1487 530 expo—

214 571 361 616 nendis
391 569 524 615 causis
557 603 568 623 ‚
607 566 761 630 quibus
808 566 980 612 Praetor
1016 566 1276 614 Achaeorum
1313 584 1486 632 permo-

213 681 281 717 tus
297 706 310 726 ,
359 663 666 716 Acro‘corintho
696 670 876 727 tradita,
921 672 1084 717 aditum
1113 673 1411 720 Macedonibus
1440 676 1485 719 in

212 776 548 837 Peloponnesum
590 775 865 836 patefecerit,
908 776 1121 825 hactenus·
1148 777 1372 822 Plutarcho
1414 778 1493 823 ad-

214 883 349 937 sensi,
384 882 496 927 idem
535 894 619 923 non
658 893 825 940 possum
843 910 855 931 ‚
904 878 1007 938 quin
1031 879 1209 934 inillis,
1241 895 1347 940 quae
1370 894 1500 940 prae-

215 996 328 1030 terea
366 984 505 1028 eidem
547 983 636 1026 viro
681 983 896 1042 imputat,
942 982 996 1025 ab
1038 982 1127 1041 ejus
1171 984 1377 1028 sententia
1399 984 1498 1027 -ali-

217 1096 423 1150 quantum
449 1086 687 1131 deflectam.
729 1085 862 1129 Locus
880 1119 891 1139 ,
917 1099 1045 1145 quem
1069 1084 1248 1146 respicio
1265 1119 1276 1139 ‚
1304 1084 1376 1131 hic
1405 1096 1465 1132 est
1487 1106 1496 1133 :

215 1195 289 1238 τὸν
321 1192 361 1236 δ’
383 1192 459 1248 αφ’
489 1191 751 1249 “Ηρακλεόυς
770 1193 973 1244 γεγονότα
1002 1213 1064 1223 —-
1095 1189 1169 1232 οὐκ
1194 1189 1312 1243 ἠξίου
1329 1193 1500 1233 Σικυω-

218 1298 321 1342 νίων
347 1299 530 1352 ἡγεμόνα
570 1297 643 1338 καὶ
672 1294 906 1352 Τριταιέων
952 1299 1216 1351 γράφεσθαι,
1264 1299 1426 1348 φεύγων
1454 1294 1500 1339 δὲ

216 1402 295 1454 τὴν
320 1398 461 1454 μάζαν
488 1400 560 1441 καὶ
588 1399 662 1442 τὸν
694 1398 880 1456 τρίβωνα
920 1399 1023 1450 καὶ,
1071 1399 1118 1440 τὸ
1156 1397 1398 1442 δεινότατον
1440 1388 1504 1441 ὧν

214 1503 434 1558 κατηγόρει
460 1500 744 1555 Κλεομένους,
791 1501 1006 1556 ἀναίρεσιν
1039 1499 1225 1542 πλούτου
1254 1502 1326 1542 καὶ
1354 1501 1501 1550 πενίας

216 1607 508 1661 ἐπανόρθωσιν
546 1602 773 1657 διαδήματι
815 1604 886 1644 καὶ
927 1607 1119 1658 πορφύρᾳ
1150 1604 1222 1644 καὶ
1251 1602 1500 1646 Μακεδονι-

216 1712 302 1755 κοῖς
346 1708 418 1748 καὶ
465 1709 755 1761 σατραπικοῖς,
791 1708 1103 1760 προστάγμασιν
1144 1702 1351 1759 ὑπέῤῥιψε
1396 1707 1498 1757 μετὰ

219 1812 291 1862 τῆς
331 1806 522 1864 Ἀχαΐας
552 1808 681 1851 αὑτὸν
699 1839 712 1860 ,
756 1806 832 1849 ἵνα
869 1808 923 1860 μὴ
965 1804 1192 1861 Κλεομένει
1233 1811 1370 1851 ποιεῖν
1399 1806 1503 1865 δοκῇ

216 1912 263 1955 τὸ
300 1912 674 1968 προσταττόμενον.
748 1908 903 1970 Rogari
933 1908 1120 1968 primum
1165 1909 1321 1971 possit,
1369 1925 1499 1970 quare

215 2011 433 2070 Sicyonios
477 2011 740 2072 potissimum
769 2012 1108 2057 .et.Tritaeenses
1148 2011 1230 2057 hoc
1271 2013 1365 2057 loco
1401 2029 1498 2056 me-

216 2114 477 2159 moraverit?
553 2114 617 2158 De
672 2114 851 2174 Sicyone
906 2114 1078 2176 quidem
1096 2120 1107 2169 ',
1144 2115 1288 2160 ·Arati
1331 2117 1466 2178 patria
1485 2150 1497 2170 ,

215 2216 446 2278 probabilis
475 2233 596 2263 causa
620 2228 723 2266 esto.
780 2219 863 2265 Sed
891 2235 1020 2281 quare
1047 2219 1257 2266 Tritaeam
1274 2222 1296 2264 ⁴?
1344 2216 1493 2265 Nonne

215 2334 368 2381 parvae
392 2317 515 2380 hujus
547 2321 661 2365 urbis
677 2356 689 2375 ‚
718 2322 763 2365 in
795 2323 884 2383 ipsa
910 2324 1072 2369 Acha'ia
1098 2324 1199 2368 sitae
1215 2357 1228 2376 ,
1253 2318 1465 2370 mentione
1483 2359 1495 2379 ,

218 2425 294 2469 ubi
315 2424 444 2468 totius
471 2424 560 2468 fere
587 2425 863 2485 Peloponnesi
891 2425 1152 2487 principatus
1175 2426 1374 2487 agebatur
1390 2460 1402 2480 ,
1432 2427 1498 2470 in-

215 2530 372 2573 vidiam
414 2529 543 2583 facti,
585 2544 736 2573 novam
778 2530 818 2574 ei
841 2529 1048 2575 maculam
1077 2530 1383 2591 adspergendn,
1416 2546 1497 2575 au-

218 2650 315 2695 gere
342 2635 552 2680 immerito
583 2634 781 2680 videtur?
845 2634 935 2681 Nisi
966 2636 1074 2680 forte
1097 2650 1263 2685 causam
1290 2633 1496 2695 aliquam,
