1630 3217
801 246 857 287 34

176 391 318 435 cimen
363 388 566 433 exhibuit.
634 386 712 432 Cui
754 387 868 432 enim
898 387 1088 430 universa
1116 386 1260 429 civitas
1285 386 1457 431 salutem

177 492 357 537 debebat
400 505 546 545 suam,
595 489 668 551 qui
710 498 752 534 et
780 489 910 549 gloria
952 490 1023 534 sua
1053 498 1094 534 et
1120 489 1280 550 patriae
1308 490 1459 550 opibus

175 593 321 639 foedus
351 592 584 639 Acha'i'cum
616 600 703 636 tam
725 590 944 652 splendide
971 602 1140 638 auxerat
1158 628 1169 647 ‚
1204 608 1314 655 equo
1345 594 1456 638 idem

173 708 335 743 merens
354 731 365 751 ‚
398 697 656 757 morigerum
678 711 719 741 se
738 731 750 751 ‚
783 697 847 742 uti
872 696 925 742 de
941 697 1064 758 vulgo
1080 698 1232 761 aliquis
1250 734 1262 754 ,
1280 699 1456 746 ducibus

177 803 445 848 Achaeorum
466 803 637 864 singulis
665 803 890 864 praebuit,
923 802 1010 848 sive
1035 803 1244 862 Dymaeus
1260 812 1364 848 esset
1378 804 1461 849 sive

179 909 369 953 Tritaeus
388 909 473 951 sive
499 923 548 951 ex
571 907 790 950 humiliori
822 908 951 952 etiam
975 908 1083 953 urhe
1099 908 1321 954 oriundus:
1350 908 1460 953 unde

177 1014 270 1057 fieri
296 1013 362 1057 vix
389 1012 508 1056 aliter
537 1011 692 1073 potuit,
722 1011 825 1071 quin
853 1010 1012 1054 ducum
1043 1008 1215 1054 illorum
1246 1012 1328 1056 sibi
1339 1012 1461 1056 favo-

180 1130 271 1159 rem
328 1116 530 1159 eximium
589 1116 634 1159 in
677 1115 852 1160 modum
904 1114 1160 1159 conciliaret.
1269 1115 1466 1172 Quamvis

181 1226 322 1262 autem
341 1254 353 1272 ‚
389 1227 649 1279 quantopere
683 1227 918 1278 temperare
949 1218 1029 1262 sibi
1059 1226 1225 1277 posset,
1275 1218 1466 1263 luculen-

178 1331 242 1365 ter
271 1322 421 1366 Aratus
450 1322 669 1382 probavit:
706 1322 758 1366 ad
781 1322 928 1368 altiora
956 1330 1098 1367 tamen
1121 1332 1267 1367 natum
1291 1340 1332 1368 se
1364 1341 1461 1369 sen-

177 1426 285 1471 tiens
296 1455 315 1480 ›,
349 1441 511 1470 summo
538 1425 655 1470 illam
681 1425 794 1469 diem
821 1427 1083 1486 exspectabat
1112 1427 1345 1480 desiderio,
1378 1429 1460 1487 qua

176 1530 263 1590 ipse
303 1529 387 1573 dux
414 1528 576 1572 foederi
599 1527 887 1589 praepositus,
922 1536 1081 1589 quanto
1111 1530 1198 1588 ejus
1229 1529 1458 1581 firmandi,

176 1634 354 1695 augendi
375 1667 388 1687 ,
420 1633 705 1686 nobilitandi,
739 1633 933 1677 adversus
960 1633 1149 1692 pericula
1175 1632 1362 1691 undique
1379 1631 1461 1674 im-

177 1737 382 1782 minentia
412 1736 575 1782 fortiter
603 1735 859 1780 defendendi
886 1736 1079 1796 flagraret
1121 1735 1266 1779 ardore
1286 1769 1297 1788 ,
1333 1736 1462 1780 Grae-

177 1843 267 1887 ciae
294 1843 507 1887 universae
529 1841 668 1904 palam
688 1840 861 1888 faceret.
