1630 3217
770 295 856 337 175

161 435 243 494 *qui
270 436 429 480 summa
454 450 503 480 eo
527 444 717 495 tempore
745 435 859 495 apud
887 447 1030 493 regem
1057 433 1189 493 gratia
1206 431 1453 493 summaque

168 538 279 597 apud
298 539 545 583 Macedones
573 537 827 582 auctoritate
855 535 1037 583 valebat.
1101 536 1183 580 Hic
1201 569 1213 589 ,
1249 543 1296 579 ut
1321 536 1453 594 Poly-

169 641 261 685 bius
301 641 390 695 ait,
435 657 525 686 rem
554 655 676 684 ausus
701 638 907 683 nefariam
924 673 936 692 ,
970 639 1014 683 in
1041 639 1232 684 animum
1257 640 1448 694 induxit,

167 745 433 793 Achaeorum
458 753 627 808 gentem
653 742 707 789 ad
734 742 909 788 eandem
935 742 1125 804 redigere
1150 743 1452 798 conditionem,

164 854 247 913 qua
286 850 472 897 Thessali
518 857 620 894 tunc
651 856 768 893 erant
781 880 795 903 ,
841 847 941 909 qui,
985 847 1063 892 etsi
1096 848 1235 908 specie
1276 847 1452 907 quidem

165 955 248 999 suis
299 952 461 1013 legibus
514 952 738 998 utebantur
767 986 779 1005 ,
841 951 1141 997 Macedonibus
1202 960 1343 996 tamen
1394 952 1451 994 ita

162 1066 282 1102 erant
305 1056 503 1110 obnoxii,
537 1065 584 1101 ut
613 1056 753 1100 omnia
779 1066 1028 1117 peragerent
1043 1091 1056 1111 ,
1074 1073 1353 1119 quaecunque
1367 1073 1447 1102 au—

158 1159 222 1204 lae
268 1159 533 1227 proceribus*
550 1159 769 1220 imponere
802 1159 852 1202 iis
893 1160 1161 1207 collibuisset.
1236 1161 1404 1207 Idcirco
1426 1196 1440 1216 ,

158 1264 310 1323 quibus
354 1264 492 1308 adhuc
533 1262 782 1307 fruebantur
821 1261 1007 1316 Achaei,
1046 1271 1094 1307 ut
1110 1264 1208 1322 jura
1235 1263 1442 1323 infringe·

156 1374 248 1419 ret,
281 1375 324 1410 et
351 1365 604 1410 absconditis
632 1364 812 1418 insidiis,
834 1373 877 1408 et
902 1365 997 1410 satis
1019 1366 1171 1426 apertis
1185 1365 1436 1410 machinati-

156 1468 305 1514 onibus
331 1476 491 1513 tentare
518 1468 657 1512 omnia
675 1501 688 1522 ,
722 1468 828 1529 regis
843 1469 1268 1515 animumsollicitare
1286 1503 1300 1524 ,
1317 1470 1438 1531 prin·-

152 1571 290 1632 cipem
320 1570 584 1615 Achaeorum
609 1572 781 1631 ejusque
808 1570 969 1625 filium,
1004 1587 1131 1632 quem
1157 1573 1299 1633 magni
1329 1588 1438 1634 quo-⁴

156 1689 239 1734 que
277 1674 458 1717 faciebat
499 1673 746 1732 Philippus,
782 1673 893 1717 falsis
920 1668 1222 1734 malitiosisque
1250 1676 1437 1719 circum-

149 1777 290 1821 venire
318 1775 721 1828 obtrectationibus,
756 1790 878 1834 quae,
907 1776 1063 1835 partim
1093 1785 1222 1830 certe,
1241 1778 1433 1836 cognosci

152 1879 307 1923 debent
323 1911 334 1931 ,
369 1876 403 1921 si
427 1877 482 1922 de
506 1878 625 1923 Arati
638 1878 881 1924 conditione
896 1914 908 1934 ‚
941 1880 1132 1940 gravibus
1150 1889 1248 1924 tune
1261 1880 1439 1925 obnoxia

153 1983 328 2028 miseriis
342 2016 355 2036 ,
372 1997 466 2027 vere
482 1991 663 2028 statuere
676 1983 865 2028 velimus.
898 1983 981 2027 Iste
997 1983 1124 2043 igitur
1140 1981 1307 2043 Apelles
1322 2017 1332 2035 ‚
1349 1981 1434 2027 ho-

152 2105 221 2133 mo
262 2088 472 2150 perditus,
516 2090 560 2132 in
602 2088 683 2132 hoe
728 2087 942 2146 nequitiae
981 2102 1076 2130 suae
1105 2084 1314 2145 primitias
1342 2084 1436 2128 edi-

154 2191 247 2246 dit,
280 2200 328 2238 ut
353 2190 559 2245 Achaeos,
598 2191 674 2252 qui
704 2192 786 2236 una
818 2205 913 2235 cum
953 2188 1253 2235 Macedonibus
1279 2188 1437 2234 milita-

154 2301 246 2337 rent
284 2303 325 2337 et
364 2294 480 2355 prius
519 2293 743 2338 diversoria
786 2301 1055 2355 occupassent
1088 2326 1100 2346 ,
1149 2308 1197 2336 ex
1246 2292 1440 2353 hospitiis

153 2396 399 2441 extrudendi
448 2400 655 2459 partaque
697 2397 798 2442 belli
836 2397 991 2458 praedii
1025 2397 1231 2457 spoliandi
1257 2405 1435 2456 potesta-

151 2510 233 2560 tem
261 2500 342 2544 suis
369 2499 588 2545 militibusx
602 2501 779 2547 faceret.
811 2500 997 2554 Deinde,
1023 2499 1089 2544 vel
1114 2500 1169 2544 ob
1187 2499 1434 2544 levissimam

146 2620 322 2658 causam,
352 2604 506 2664 flagris.
525 2603 617 2649 illos
648 2604 766 2649 caedi
775 2604 952 2665 jubebat
971 2639 982 2658 ,
1017 2605 1159 2664 inique
1174 2605 1350 2650 ferentes
1367 2603 1433 2648 vel
