1630 3217
753 331 756 333 a
787 275 877 319 ινα

175 420 222 464 lii
265 419 508 465 strenuitate
547 417 600 461 ad
639 432 730 463 rem
773 433 859 464 sese
904 419 1211 482 suscipiendam
1252 425 1461 486 accinge--

174 526 245 569 bat
291 523 444 568 Aratus
462 557 474 576 ,
522 521 576 566 ab
614 521 776 566 infestis
814 520 1000 569 hostium
1029 524 1336 574 incursionibus
1363 527 1448 573 Pe-

171 628 449 690 loponnesum
494 627 612 672 brevi
651 634 860 689 tempore·
889 628 1117 675 liberatum
1160 630 1239 686 iri;
1277 633 1374 688 sed,
1408 633 1463 677 in·

175 733 266 794 ipso
316 739 507 791 suscepto
556 731 818 793 exsequendo
837 766 852 786 ,
905 731 1033 778 mod⁷o
1071 733 1203 779 nimia
1256 737 1452 780 cautione

175 839 334 884 tardior
354 873 366 893 ,
415 838 543 882 medo
583 836 935 882 inconsideratior
959 871 972 891 ,
1017 836 1128 883 haud
1175 838 1303 884 semel
1338 854 1454 885 com-

174 943 302 989 moda
338 942 567 988 deseruisse
610 957 684 986 sua
725 941 871 1003 reique
905 940 1112 1001 gerendae
1151 942 1465 1003 opportunitati.

174 1045 354 1091 defuisse
388 1044 599 1091 traditur:
649 1057 735 1105 quo
774 1044 972 1098 nomine,
1011 1051 1056 1088 et
1075 1060 1098 1088 a
1127 1044 1354 1089 Plutarcho
1371 1080 1382 1097 ,
1415 1054 1465 1090 et-

174 1163 271 1194 vero
317 1149 499 1193 maxime
538 1164 566 1207 1²²
602 1147 804 1206 Polybio,
850 1147 969 1191 haud*
998 1162 1090 1192 uno
1129 1147 1174 1191 in
1200 1147 1292 1193 loco
1309 1181 1322 1202 ‚
1355 1163 1467 1209 gra-

172 1266 268 1295 vem
305 1248 680 1310 reprehensionem
720 1248 823 1293 tulit
858 1246 915 1296 ¹).
977 1250 1091 1295 Hinc
1131 1251 1455 1311 quoque-effee—

175 1361 269 1398 tum
297 1359 360 1398 est
376 1385 388 1405 ‚
422 1360 470 1397 ut
497 1351 626 1397 eladis
649 1350 762 1395 illius
780 1384 795 1407 ‚
826 1353 909 1412 qua
924 1383 937 1405 ,
966 1352 1020 1396 ad
1037 1351 1228 1413 Caphyas
1242 1388 1254 1408 ,
1271 1334 1317 1398 in
1327 1354 1458 1400 Arca-

176 1456 244 1501 dia
261 1491 274 1510 ,
306 1456 512 1500 exercitus
535 1455 802 1499 Achaeorum
817 1454 988 1498 affectus
1016 1454 1098 1498 fuit
1114 1486 1127 1508 ‚
1160 1455 1269 1498 solus
1291 1456 1462 1517 culpam-

175 1560 397 1604 sustineret
426 1558 577 1603 Aratus
595 1589 609 1611 ‚
641 1566 774 1618 utque
801 1557 945 1618 paullo
956 1566 1049 1618 post
1066 1592 1079 1611 ,
1112 1560 1342 1604 conventus
1356 1567 1462 1604 stato

175 1662 246 1706 die
289 1662 561 1721 congregati,
607 1661 740 1721 magis
762 1661 977 1720 magisque
1004 1670 1217 1706 crescente
1244 1662 1307 1705 ira
1332 1671 1459 1722 atque

174 1764 467 1827 indignatione
492 1762 805 1817 multitudinis,
838 1762 953 1808 hisce
975 1779 1073 1808 eum
1101 1764 1281 1810 maxime
1309 1764 1459 1809 crimi-

172 1870 415 1915 nationibus
440 1876 652 1930 peterent.
712 1866 902 1911 Primum
931 1867 1045 1911 enim
1074 1882 1265 1928 peccasse
1285 1867 1463 1913 Aratum

173 1975 218 2018 in
248 1971 643 2024 eocontendebant,
659 1971 774 2031 quod
788 1971 1094 2031 magistratum,
1111 1972 1355 2031 priusquam
1370 1973 1472 2016 ine--

173 2076 281 2122 undi
322 2076 412 2121 dies
446 2073 702 2128 advenisset,
751 2082 943 2137 tempore
978 2091 1062 2120 non
1092 2090 1193 2131 suo,
1222 2085 1464 2139 occupasset

173 2195 322 2241 resque
350 2179 557 2240 ejusmodi
584 2179 846 2241 suscepisset,
871 2196 973 2242 quas
1001 2196 1152 2242 parum
1176 2181 1256 2226 sibi
1282 2180 1462 2227 feliciter

174 2284 401 2329 succedere
421 2315 433 2336 ,
468 2285 681 2344 frequenti
710 2299 852 2329 rerum
877 2301 954 2329 usu
983 2285 1211 2332 didicisset.
1298 2285 1461 2330 Deinde

176 2390 303 2434 etiam
349 2388 393 2432 in
425 2387 507 2432 hoc
539 2404 693 2433 errasse
720 2398 762 2431 et
789 2386 963 2448 quidem
993 2388 1155 2448 gravius
1184 2389 1462 2450 arguebatur,

227 2597 256 2629 ¹>
306 2598 403 2644 Inpr.
431 2598 495 2632 lv.
524 2600 566 2633 10
593 2605 627 2632 et
654 2600 709 2632 ll.
