1630 3217
809 312 892 359 164

206 462 416 524 impedire
458 462 631 523 potuit,
681 476 787 522 quae
827 464 988 505 summa
1030 462 1167 521 ipsum
1205 463 1493 523 indignatione

206 583 456 629 summoque
501 566 738 630 afficiebant
771 566 914 611 dolore
959 570 1020 632 ᾖ).
1112 568 1229 612 Inter
1264 583 1371 629 quae
1407 568 1488 625 hoc

206 672 400 732 inprimis
422 672 730 715 numerandum
760 681 850 725 est,
884 671 999 731 quod
1021 671 1254 732 Antigonus
1269 681 1492 732 prostratas

206 776 456 836 Argivorum
488 784 762 835 tyrannorum
793 783 945 818 statuas
967 782 1219 835 reponeret,
1252 789 1398 818 eorum
1414 791 1490 819 ve—

204 895 250 923 ro
270 914 282 933 ,
317 880 392 940 qui
418 877 770 925 Acrocorinthum
798 878 1025 938 cepissent,
1058 881 1142 924 una
1170 879 1491 939 Aratiexcepta‚

208 984 431 1045 imperiose
468 984 751 1036 subverteret,
795 980 904 1026 nihil
927 981 1122 1042 precibus
1144 983 1232 1041 ejus
1255 991 1381 1042 atque
1410 982 1490 1024 ob-

208 1087 500 1131 testationibus
541 1086 625 1129 loci
669 1086 926 1145 relinquens,
1005 1086 1066 1130 Ex
1111 1101 1194 1145 quo
1211 1119 1224 1140 ‚
1271 1086 1316 1129 ni
1343 1086 1491 1139 fallor,

209 1201 325 1255 patet
348 1192 600 1246 luculenter5
616 1191 833 1236 Plutarchi
847 1191 973 1235 verba
989 1206 1028 1236 c.
1053 1191 1108 1234 46
1128 1208 1137 1235 :
1175 1190 1432 1243 Ἀντίγονος
1448 1187 1494 1232 δὲ

208 1302 352 1341 πάντα
377 1299 431 1339 τὰ
461 1296 609 1340 δίκαια
637 1298 710 1340 καὶ
738 1295 1023 1352 φιλάνθρωπα
1053 1296 1112 1351 τῷ
1126 1293 1307 1351 Ἀράτῳ
1319 1311 1495 1351 πεποιη-

210 1398 293 1451 κὼς
337 1399 560 1451 ἀνέζευξεν
590 1403 647 1450 εἷς
678 1400 959 1445 Μακεδονίαν
989 1399 1130 1459 paullo
1163 1415 1260 1442 sane
1286 1402 1494 1445 restricti-

213 1520 284 1549 ore
312 1520 431 1549 sensu
473 1519 556 1549 esse
585 1504 832 1564 accipienda
870 1508 924 1561 2).
989 1505 1052 1549 Ad
1080 1521 1129 1550 ea
1150 1522 1277 1566 porro
1304 1507 1416 1567 quod
1433 1517 1495 1553 at-

209 1607 348 1660 tinet,
383 1622 489 1666 quae
518 1607 562 1650 in
586 1622 707 1651 causa
730 1608 1084 1652 Mantineensium
1113 1618 1155 1653 et
1186 1610 1493 1664 Aristomachi,

213 1707 463 1770 Argivorum
489 1709 690 1767 tyranni,
723 1709 852 1755 Arato
899 1712 1215 1772 imputabantur
1259 1715 1492 1760 crudelissi-

211 1827 308 1857 ma:
346 1827 510 1855 summo
540 1812 716 1866 ardore,
749 1813 1034 1859 innocentiam
1061 1818 1149 1877 ejus
1184 1819 1383 1864 tuendam
1408 1837 1493 1864 sus-

260 2024 292 2056 1)
339 2017 418 2053 Huc
442 2025 537 2053 certe
561 2016 657 2055 valet
678 2018 827 2054 Pindari
849 2019 1004 2056 dictum:

356 2087 490 2133 Φέρειν
516 2084 556 2122 δ’
582 2087 744 2133 ἐλαφρῶς
769 2090 988 2134 ἐπαυχένιον
1016 2090 1183 2132 λαβόντα
1208 2094 1321 2136 ζυγόν

349 2157 489 2202 ἀρήγει·
516 2156 605 2189 ποτὶ
633 2158 783 2203 κέντρον
808 2158 853 2191 δέ
877 2171 934 2191 τοι

345 2223 569 2269 λακτιζέμεν
592 2224 749 2258 τελέθει

351 2275 546 2338 althena&
570 2288 685 2335 οἶμος.

255 2392 289 2426 2)
342 2381 558 2418 succurrunt
592 2383 660 2418 hoc
684 2382 762 2418 loco
786 2383 897 2418 menti
921 2396 1018 2419 meae
1043 2397 1162 2420 versus
1175 2384 1376 2432 Sophoclei‚
1402 2398 1489 2432 quos

206 2449 411 2498 Pompeium
428 2474 439 2491 ‚
475 2450 512 2486 in
550 2451 744 2498 Aegyptum
769 2451 966 2498 profugum,
997 2453 1206 2490 recitantem
1232 2437 1319 2492 facit
1342 2454 1488 2492 Plutara

207 2519 311 2565 chus,
326 2520 363 2555 in
388 2520 468 2555 vita
489 2520 663 2568 Pompeji.
686 2533 718 2557 c.
743 2520 948 2558 LXXVIII:

347 2583 448 2629 Ὀςις
475 2590 517 2625 δὲ
543 2593 634 2637 πρὸς
657 2592 838 2639 τύραννον
861 2593 1128 2639 ἐμπορεύεται,

351 2661 474 2692 κείνου
499 2656 549 2699 ’ςὶ
577 2660 734 2702 δοῦλος,
761 2660 825 2707 κᾷν
852 2661 1053 2708 ἓλιίθερος·
1077 2663 1182 2710 μόλῃ.
