1630 3217
786 304 870 348 163

176 453 254 499 bus
270 488 284 510 ,
315 460 488 498 arceret.
556 451 670 508 Quae
698 450 731 493 si
763 451 855 511 quis
882 449 1025 511 paullo
1055 452 1255 497 intentius
1277 468 1459 515 perpen-

175 556 314 610 derit,
358 556 426 600 vix
465 553 615 598 dubito
632 586 645 607 ‚
692 554 796 614 quin
840 553 952 598 haud
992 570 1126 616 pauca
1145 591 1157 610 ,
1190 558 1458 619 caeteroquin
1520 582 1524 586 ·

172 651 516 708 invidiosissima,
550 655 685 699 multo
713 656 884 700 mitiore
891 631 1055 717 judicio
1071 660 1125 702 sit
1138 665 1447 719 persecuturus.

170 759 255 806 Sed
284 761 338 805 ob
364 758 570 819 quaenam
595 758 781 803 facinora
810 759 855 802 in
881 759 1153 820 popularium
1184 762 1453 808 suorumcri-

146 888 148 890 ·
168 865 417 908 minationes
441 863 664 908 incurrerit
686 898 699 919 ,
722 865 813 924 jam
837 839 1066 910 videamus,

229 968 281 1011 In
312 968 472 1012 crimen
500 968 629 1029 igitur
653 976 816 1013 vertere
842 965 883 1013 ei
896 980 1127 1030 coeperunt
1142 969 1280 1032 ‚quod
1295 970 1454 1017 Achaei

168 1067 484 1115 Corinthiorum
530 1072 680 1116 urbem
716 1072 929 1133 Antigono
968 1072 1078 1118 dono
1122 1074 1362 1129 dedissent,
1398 1084 1445 1120 ut

163 1191 316 1237 pagum
333 1211 345 1230 ,
378 1173 436 1220 ita
463 1176 658 1237 ajebant‚
693 1175 904 1238 quendam
935 1176 1145 1237 vulgarem
1165 1212 1178 1232 ‚
1213 1177 1346 1236 ὥσπερ
1361 1180 1448 1222 κώ-

156 1294 240 1334 μην
265 1282 342 1334 τὴν
369 1283 606 1338 τυχοῦσανς
637 1279 751 1339 quod
778 1278 1088 1325 Orchomenum
1101 1281 1141 1324 ei
1157 1278 1443 1339 diripiendam

159 1389 200 1424 et
246 1380 454 1440 praesidio
498 1380 772 1425 Macedonico
802 1381 1094 1441 occupandam
1127 1380 1409 1440 permisissent
1425 1396 1439 1434 3

160 1484 273 1544 quod
314 1483 620 1537 decrevissent,
667 1483 799 1526 invito
826 1466 1065 1543 Antigono,
1098 1482 1230 1527 missis
1256 1482 1441 1543 epistolis

156 1596 228 1631 aut
265 1586 539 1648 legationibus
579 1586 793 1631 neminem
828 1601 976 1646 regum
1004 1585 1149 1639 adire3
1186 1584 1298 1645 quod
1326 1584 1436 1628 alere

156 1693 396 1754 peregrinos
422 1694 638 1737 exercitus⁴
655 1692 948 1751 stipendiaque
970 1692 1053 1735 illis
1082 1692 1315 1750 persolvere
1336 1691 1439 1736 socii

154 1804 288 1839 essent
324 1798 481 1849 coacti;
530 1797 643 1855 quod
687 1797 920 1848 sacrificia,
969 1812 1149 1855 pompae
1192 1805 1233 1840 et
1272 1795 1362 1839 ludi
1389 1795 1434 1839 in

135 1898 356 1943 .honorem
387 1899 588 1959 Antigoni
615 1899 925 1961 celebrarentur
943 1934 954 1953 ,
986 1898 1284 1959 praeeuntibus
1295 1899 1433 1943 maxi-

153 2018 233 2046 me-
248 2001 454 2062 Sicyoniis
496 2019 722 2066 regemque
741 2039 754 2060 ,
789 2004 907 2050 Arati
938 2002 1176 2065 hospitem,
1210 2002 1320 2047 intra
1360 2019 1432 2047 ur-

153 2108 248 2151 bem
278 2123 393 2152 suam
419 2109 721 2170 recipientibus
737 2144 749 2163 ,
785 2126 868 2171 quo
896 2109 988 2154 loco
1019 2109 1229 2154 verissime
1256 2109 1431 2152 adnota-

149 2213 209 2258 vit
222 2213 468 2260 Plutarchus
485 2233 495 2256 ε
517 2206 579 2260 ὧν
594 2216 774 2273 ᾐτιῶντο
790 2219 961 2260 πάντων
978 2217 1136 2259 ἐκεῖνον
1151 2214 1400 2267 ἀγνοοῦντες
1414 2246 1426 2266 ,

144 2317 210 2360 ὃτι
239 2320 313 2369 τὰς
339 2321 461 2375 ἡνίας
473 2321 616 2377 ἐκείνῳ
624 2319 928 2379 παραδεδωκὼς
945 2322 1016 2364 καὶ
1031 2326 1084 2379 τῇ
1099 2322 1203 2379 ῥυμῃ
1219 2321 1290 2374 τῆς
1304 2320 1426 2377 βασι-

145 2420 259 2473 λικῆς
291 2421 555 2477 ἐφελκόμενος
586 2423 772 2474 ἐξουσίας
802 2424 968 2473 οὐδενὸς
997 2421 1049 2478 ἦν
1079 2428 1107 2478 ἤ
1133 2426 1261 2478 μόνης
1287 2423 1425 2475 φωνῆς

142 2519 205 2562 ἔτι
235 2526 370 2578 κύριος
401 2523 608 2579 ἐπισφαλῆ
638 2527 715 2579 τὴν
747 2526 982 2583 παρ’ῥησίαν
1021 2527 1201 2583 ἐχουσης.
1266 2521 1418 2567 Libera

142 2628 281 2667 autem
322 2624 526 2686 loquendi
565 2634 768 2687 potestate
804 2626 1026 2672 interclusa
1045 2662 1056 2681 ‚
1090 2641 1142 2671 ne
1170 2642 1217 2671 ea
1249 2626 1419 2688 quidem

1161 2733 1210 2775 11
1250 2732 1272 2780 ’ἦ
