1630 3217
738 620 855 675 §1-

184 895 384 950 FoNrns,
426 905 581 948 omnus
622 908 668 942 m
708 894 854 939 ARArr
893 907 949 940 Er
985 892 1232 941 Ceronius
1272 905 1410 941 luteus

333 992 600 1026 ExPoNENDIS
631 980 928 1026 Prunncnus
958 990 1013 1024 rr
1046 979 1258 1024 Porrmus

614 1098 619 1102 .
678 1067 746 1107 us'r
787 1074 915 1110 SUNT.

671 1235 918 1257 -ΘΟΦ-

150 1384 346 1500 Neuter
390 1429 520 1491 igitur
563 1428 734 1474 illorum
749 1462 762 1484 ,
806 1444 912 1490 quos
951 1427 1146 1483 laudavi,
1188 1429 1440 1492 scriptorum

144 1514 436 1597 ignorare-nos
467 1534 595 1579 duces
624 1548 717 1579 suos
745 1514 968 1594 prirnarios
998 1533 1158 1586 voluit,
1192 1533 1265 1577 sed
1280 1567 1293 1587 ‚
1329 1549 1433 1594 pas-

144 1637 227 1683 sim
262 1637 316 1682 ad
357 1637 449 1682 illos
490 1652 680 1699 expresse
731 1638 999 1699 provocando
1018 1672 1032 1693 ‚
1088 1646 1297 1698 quantum
1339 1637 1439 1699 ipsis

143 1742 375 1788 tribuerint
392 1776 405 1798 ,
441 1741 610 1787 disertis
647 1740 775 1787 simul
813 1740 953 1786 verbis
993 1739 1287 1804 pronuntiant.
1351 1738 1443 1786 Mess

142 1844 349 1889 motabile
401 1826 591 1905 prinlum
643 1843 725 1888 hae
782 1844 828 1887 in
885 1859 1008 1890 eausa
1057 1842 1225 1889 videtur
1244 1877 1258 1900 ,
1303 1843 1442 1906 ipsum

142 1950 318 1993 Aratum
347 1946 565 2008 reliquisse
590 1948 914 1992 commentarios
929 1981 943 2002 ‚
973 1949 1018 1991 in
1048 1948 1204 2008 quibus
1233 1964 1299 1992 res
1314 1982 1328 2001 ‚
1361 1952 1435 1992 sua

141 2059 276 2097 aetate
300 2059 455 2112 gestas,
479 2052 713 2112 exposuerit
750 2053 809 2112 ¹).
873 2052 931 2097 Hi
958 2041 1036 2097 ubi
1058 2052 1285 2107 desinunt,
1316 2068 1434 2098 suam

193 2222 228 2263 ¹)
276 2220 445 2265 Quamvis
470 2220 655 2277 deanno,
679 2214 1110 2276 Quo‘initium'narrandi
1132 2209 1261 2258 feeerit
1285 2222 1437 2263 Aratus,

140 2300 213 2324 non
235 2288 399 2331 aecurate
423 2297 586 2331 constat,
615 2289 845 2326 eum-saltem
871 2303 892 2326 a
913 2290 1064 2338 Sicyone
1102 2290 1261 2327 liberata
1284 2291 1312 2325 i.
1338 2304 1372 2327 e.
1397 2291 1440 2327 ab

140 2365 195 2391 a0.
220 2358 296 2393 250-
316 2370 350 2394 a.
375 2357 415 2395 C.
442 2358 599 2407 incipere
624 2343 809 2402 debuisse,
850 2372 906 2396 res
945 2360 1022 2408 ipsa
1060 2360 1177 2397 docet.
1226 2359 1436 2407 Progressus

143 2431 218 2465 est,
258 2424 410 2473 Polybio
446 2434 537 2464 teste
575 2427 620 2464 ad
657 2427 938 2476 Olympscxt„
969 2429 1011 2477 fii.
1050 2442 1080 2464 e.
1121 2431 1192 2466 220
1230 2442 1264 2466 a.
1302 2429 1350 2471 C.
1391 2429 1441 2465 ita

141 2502 182 2530 ut
219 2493 367 2540 triginta
385 2519 395 2536 ‚
423 2496 466 2531 ad
501 2497 714 2545 minimum,
739 2511 911 2534 annorum
936 2498 1088 2546 spatium
1119 2497 1441 2546 comprehenderit.

142 2564 297 2600 Praeter
327 2564 546 2600 Achaeorum
586 2575 730 2610 autem,
766 2568 1023 2616 Spartanorum
1063 2581 1199 2616 quoque
1231 2581 1286 2604 res
1324 2569 1360 2603 in
1394 2566 1438 2600 iis

143 2637 318 2682 expositae
357 2634 526 2675 fuerunt,
565 2642 602 2670 et
634 2636 774 2682 copiose
811 2638 931 2674 omnia
968 2645 1123 2674 tractata
1169 2636 1277 2673 fuisse
1314 2633 1440 2670 viden·
