1630 3217
761 287 812 326 47

157 430 390 488 videbatur)
405 426 625 473 nonnullos
651 441 673 468 e
697 426 903 485 praesidio
928 425 1040 484 quod
1053 427 1096 467 in
1128 421 1434 468 Acrocorintho

157 534 386 592 Antigonus
425 530 635 581 habebat,
691 526 1067 587 pollicitationibus
1111 534 1337 572 tentaverat
1381 529 1433 571 ad

161 635 243 677 loci
269 634 569 692 proditionem.
634 631 773 689 Quum
802 640 943 677 autem
987 642 1203 677 numerata
1233 637 1432 694 pecunia,

158 744 314 795 quanta
337 736 433 780 satis
459 743 564 780 esset
580 770 592 790 ,
625 736 851 790 deficeret,
886 752 1022 798 neque
1050 747 1246 783 mutuum
1269 755 1435 784 sumen-

159 839 213 882 do
238 839 516 900 suspicionem
548 855 746 902 culquam
775 840 958 886 instituti
985 842 1049 886 sui
1084 856 1252 886 movere
1280 842 1434 897 vellet,

126 983 129 987 a
157 944 358 1005 pleraque
385 945 537 1005 pocula
559 955 601 990 et
623 961 796 991 aureum
820 946 956 990 uxoris
990 945 1197 990 mundum
1228 945 1435 1006 pecuniae

158 1048 460 1110 comparandae
500 1064 619 1093 causa
657 1063 734 1109 pro
770 1049 946 1108 pignore
983 1048 1115 1092 dedit.
1189 1047 1401 1091 Nimirum
1422 1081 1434 1101 ‚

157 1151 215 1195 ait
249 1150 494 1196 Plutarchus
512 1186 523 1205 ,
567 1152 700 1194 menti
741 1152 829 1209 ejus
871 1151 1196 1195 obversabantur
1238 1166 1431 1209 generosa

157 1258 364 1314 majorum
397 1256 508 1298 facta
525 1288 538 1309 ,
584 1252 809 1299 Phocionis
849 1254 1055 1314 imprimis
1093 1263 1219 1316 atque
1261 1254 1435 1315 Epami-

156 1356 334 1402 nondae.
414 1356 500 1401 Hos
555 1357 809 1402 Graecorum
845 1357 1093 1417 justissimos
1133 1366 1353 1419 propterea
1395 1367 1437 1406 et

158 1460 336 1531 optimos
360 1459 525 1505 habitos
553 1475 637 1504 esse
663 1460 807 1505 videns
826 1494 838 1513 ‚
863 1459 977 1520 quod
991 1475 1138 1519 magna
1149 1460 1435 1519 repudiassent

157 1563 265 1607 dona
284 1578 422 1624 neque
441 1562 619 1623 pecunia
640 1563 856 1622 corrupti,
877 1562 1150 1606 deseruissent
1174 1561 1397 1607 honestum
1415 1581 1426 1605 ε

156 1665 232 1710 hos
259 1666 387 1727 igitur
412 1666 577 1710 intuens
595 1701 605 1720 ,
639 1666 750 1710 ultro
774 1666 855 1710 sibi
879 1667 923 1709 in
947 1681 1039 1710 eam
1062 1680 1152 1709 rem
1175 1682 1246 1710 sua
1269 1666 1433 1710 occulte

157 1769 365 1828 eroganda
391 1769 536 1824 duxit,
569 1770 614 1813 in
634 1786 718 1831 qua
744 1786 821 1831 pro
845 1771 1047 1824 universis
1071 1780 1112 1817 et
1133 1771 1307 1833 quidem
1330 1771 1436 1816 illud

157 1870 442 1929 ignorantibus
467 1873 706 1931 periculum
752 1875 926 1921 subiret.
990 1879 1068 1927 Τίς
1095 1880 1174 1935 γὰρ
1190 1912 1202 1932 ,
1250 1878 1308 1921 ita
1335 1879 1439 1923 sub-

149 1974 320 2033 jungit,
355 1975 428 2017 οὑκ
456 1976 511 2019 ἄν
541 1980 768 2035 θαυμάσειε
795 1980 866 2020 καὶ
898 1981 1228 2030 συναγωνίσαιτο
1256 1982 1320 2023 ἔτι
1359 1984 1439 2024 νῦν

157 2082 210 2133 τῇ
249 2076 541 2135 μεγαλοψυχίᾳ
595 2081 665 2121 τοῦ
722 2079 871 2136 ἀνδρὸς
928 2079 1168 2134 ὠνουμένου
1218 2085 1434 2138 χρημάτων

133 2178 361 2225 ’τοσούτων
403 2180 603 2226 κίνδυνον
630 2180 874 2236 τηλικοῦτον
904 2184 975 2225 καὶ
1010 2184 1062 2224 τὰ
1099 2184 1332 2237 τιμιώτατα
1364 2184 1438 2227 δο-

161 2285 316 2328 κοῦντα
345 2284 430 2329 τῶν
471 2287 689 2340 κτημάτων
716 2282 994 2335 ὑποτιθέντος
1011 2318 1023 2338 ,
1071 2285 1181 2335 ὅπως
1210 2301 1437 2343 παρεισαχ-

159 2387 250 2435 θεὶς
297 2379 446 2438 νυκτὸς
487 2389 542 2438 εἷς
583 2389 679 2438 τούς
724 2387 944 2444 πολεμίους
999 2361 1299 2445 διωγωνίσητᾷι
1344 2392 1434 2447 περὶ

163 2491 233 2541 τῆς
266 2492 432 2545 ψυχῆς,
480 2491 676 2548 ἐνέχυρον
717 2491 862 2550 λαβὼν
903 2494 979 2546 τὴν
1021 2492 1172 2536 ἐλπίδα
1214 2496 1284 2537 τοῦ
1310 2493 1435 2537 καλοῦ

160 2590 257 2648 παρ’
287 2590 456 2642 αὐτῶν,
490 2590 593 2633 ἄλλο
622 2593 662 2634 δ’
691 2594 813 2638 οὐδέν
834 2614 849 2647 ,·
