1630 3217
745 278 828 319 109

156 419 265 464 Hinc
289 419 428 463 omnia
455 417 674 462 Cleomeni
704 418 748 460 in
774 419 894 478 pejus
921 425 1098 463 mutata.
1163 413 1434 459 Macedoniae

154 538 224 569 rex
256 524 445 568 omnium
472 520 681 565 sociorum
704 519 788 564 dux
812 517 1074 562 renuntiatus
1102 525 1163 560 est
1184 551 1195 571 ‚
1228 517 1438 562 continuis

154 627 307 670 deinde
337 625 507 684 proeliis
539 622 844 681 Spartanorum
877 621 1016 680 copias
1052 621 1164 664 fudit
1204 637 1432 683 eorumque

153 729 321 772 tandem
341 762 353 781 ‚
395 727 507 787 apud
537 726 755 771 Sellasiam
776 758 787 779 ,
819 726 1019 785 superbos
1051 726 1176 785 plane
1203 727 1327 787 fregit
1357 743 1435 771 co-

152 838 287 874 natus.

211 933 328 977 Haec
357 932 598 977 summatim
627 941 669 976 et
705 931 949 976 brevissime
976 946 1120 976 rerum
1146 932 1287 992 capita
1311 933 1433 975 strin-

150 1051 274 1094 gens,
335 1035 520 1095 exposui.
613 1035 727 1092 Quae
777 1044 869 1094 post
913 1034 1166 1079 Corinthum
1221 1035 1433 1094 Antigono

147 1138 345 1183 traditam
396 1138 442 1181 in
485 1137 776 1196 Peloponneso
817 1146 910 1181 acta
949 1147 1043 1182 sunt
1078 1173 1089 1191 ,
1154 1137 1249 1181 satis
1291 1136 1432 1197 ample

152 1240 264 1298 apud
307 1239 533 1298 Polybium
565 1239 721 1284 tradita
752 1240 1020 1299 reperiuntur
1048 1240 1186 1301 deque
1226 1239 1437 1284 nonnullis

151 1357 298 1386 eorum
322 1342 477 1386 deinde
506 1342 716 1403 agendum
742 1344 838 1389 er'it.
903 1344 1028 1389 Nunc
1051 1361 1149 1390 vero
1178 1347 1231 1390 ad
1260 1347 1437 1391 Aratum

148 1445 287 1488 redire
318 1448 490 1505 ejusque
516 1462 580 1490 res
608 1456 739 1506 gestas
766 1457 809 1491 et
837 1449 923 1492 fata
949 1452 1184 1494 accuratius
1210 1452 1431 1509 investiga-

147 1560 192 1588 re
222 1548 365 1604 juvat,
399 1547 551 1591 deinde
581 1557 829 1604 auctorum,
878 1550 953 1610 qui
980 1550 1032 1593 de
1068 1551 1196 1595 Arato
1224 1560 1267 1595 et
1299 1551 1429 1596 Cleo-

148 1664 271 1694 mene
298 1649 580 1710 scripserunt,
613 1652 988 1697 celeberrimorum
1006 1688 1016 1707 ,
1048 1653 1213 1713 judicia
1233 1689 1243 1707 ,
1293 1655 1434 1715 qualia

149 1751 308 1795 fuerint
330 1786 343 1807 ‚
420 1762 462 1797 et
521 1743 630 1815 quae
680 1756 762 1801 illis
805 1756 910 1800 fides
956 1757 1008 1801 sit
1053 1758 1305 1813 tribuenda,
1360 1777 1437 1822 pro

150 1854 306 1899 viribus
335 1857 565 1915 explorare.
