1630 3217
793 293 849 331 79

180 438 274 483 dico
312 439 377 488 ¹)·
415 435 537 500 plura
579 447 693 477 nunc
729 432 847 492 loqui
883 428 1148 491 supersedeo,
1214 426 1308 472 Hoc
1337 439 1469 470 unum

178 542 436 588 monendum
478 539 606 584 etiam
634 536 828 581 videtur:
876 535 910 579 si
939 534 983 577 in
1020 549 1104 595 quo
1136 533 1220 578 alio
1246 533 1359 577 facto
1381 532 1471 578 his-

179 645 313 689 torico
339 639 646 686 considerando
663 673 676 693 ‚
721 638 794 682 hic
821 637 1014 699 inprimis
1029 672 1042 693 ,
1067 639 1252 682 fontium
1276 647 1467 683 naturam

180 760 267 789 esse
280 742 591 805 respiciendam
605 776 619 797 ‚
650 741 882 802 seduloque
898 742 1133 787 cavendum
1152 777 1163 796 ‚
1187 758 1241 786 ne
1263 742 1355 802 plus
1380 758 1469 787 me-

179 847 262 892 rito
306 846 380 891 uni
423 845 595 907 alterive
640 844 901 896 auctoritatis
955 845 1181 892 tribuatur.
1259 846 1473 891 Habemus

183 951 359 996 Aratum
377 985 389 1005 ‚
436 965 552 995 suam
582 950 673 1010 ipse
718 964 886 994 causam
917 964 1016 993 cum
1057 958 1227 1010 ageret,
1276 948 1473 992 nonnihil

180 1059 434 1113 suspectum.
505 1051 721 1095 Habemus
761 1051 1049 1111 Phylarchum
1065 1087 1078 1107 ‚
1129 1062 1302 1097 auctore
1346 1053 1473 1113 Poly-

182 1157 253 1200 bio
272 1190 285 1211 ,
333 1156 444 1201 facta
488 1162 753 1207 mutantem,
803 1154 1138 1213 amplificantem
1154 1189 1165 1208 ,
1222 1166 1441 1199 ornantem
1459 1189 1470 1208 ,

184 1257 384 1318 tragoedo
415 1256 602 1317 denique
643 1267 772 1317 quam
814 1254 1019 1300 historico
1065 1256 1330 1303 similiorem.
1392 1257 1474 1300 Po-

184 1360 350 1419 lybius,
395 1359 470 1402 ubi
508 1358 574 1402 sui
617 1366 758 1402 tamen
792 1357 905 1418 juris
949 1373 1035 1403 esse
1076 1359 1244 1419 potuit,
1294 1359 1475 1404 nimium

183 1471 392 1522 quantum
418 1461 538 1505 Arati
565 1461 737 1520 vestigia
760 1461 943 1521 premit.
1001 1462 1253 1507 Plutarchus
1277 1465 1332 1508 ab
1369 1463 1475 1507 alio-

184 1581 280 1610 rum
306 1564 540 1626 plurimum
565 1565 649 1610 fide
676 1564 850 1626 pendet.
914 1565 978 1611 De
1005 1566 1130 1611 rebus
1171 1566 1293 1627 gestis
1324 1566 1475 1627 loquor

186 1667 469 1730 exponendis,
510 1683 596 1713 non
632 1667 941 1730 dijudicandis:
979 1685 1076 1714 nam
1106 1670 1149 1713 in
1177 1668 1264 1715 hoc
1291 1668 1478 1731 philoso-

187 1771 296 1833 phus
322 1771 627 1819 chaeronensis
652 1772 778 1834 plane
806 1787 904 1818 suus
931 1780 1007 1818 est.

241 1987 272 2022 ι)
320 1976 376 2015 Cf.
405 1980 533 2014 Comm.
563 1978 640 2015 Soc.
669 1979 771 2014 Gau.
800 1981 931 2015 recent.
960 1978 1036 2017 Vol,
1065 1978 1114 2020 I,
1142 1978 1221 2013 III
1245 1983 1278 2013 et
1303 1979 1374 2014 IV.
