1630 3217
761 291 812 331 31

157 434 476 495 >›possederant,
521 447 640 491 egere
687 431 994 491 iniquissimum
1044 430 1326 483 arbitrabatur
1348 466 1360 485 ,
1391 444 1431 478 et

157 538 491 599 »quinquaginta
518 550 724 581 annorum
750 535 1025 595 possessiones
1042 536 1202 580 moveri
1217 552 1300 581 non
1313 536 1439 580 nimis

155 657 368 701 »aequum
406 641 612 702 putabat,
646 648 867 701 propterea
893 640 1007 700 quod
1037 648 1120 683 tarn
1150 640 1272 699 longo
1301 640 1434 699 spatio

156 746 343 810 »multa
370 745 699 804 haereditatibus
719 780 730 799 ‚
788 745 921 791 multa
966 744 1223 788 emtionibus
1240 773 1254 797 ι,
1303 744 1435 788 multa

154 854 351 900 »dotibus
390 854 642 899 tenebantur
689 853 777 897 sine
818 850 1000 911 injuria:
1044 847 1254 909 judicavit
1297 862 1435 907 neque

154 959 266 1004 »illis
291 957 422 1004 adimi
447 973 585 1024 neque
613 957 678 1004 his
706 973 789 1003 non
819 955 1039 1009 satisfieri,
1055 968 1236 1016 quorum
1252 951 1324 996 illa
1335 952 1434 996 fue-

152 1071 275 1107 »rant
292 1097 304 1116 ,
338 1072 529 1123 oportere
565 1042 651 1126 ¹)'.”
716 1048 824 1106 Cum
852 1061 979 1120 igitur
995 1060 1205 1103 statuisset
1223 1072 1333 1118 ,opus
1348 1072 1434 1101 esse

148 1167 200 1211 ad
230 1167 321 1211 lites
351 1167 441 1212 illas
485 1165 739 1209 dirimendas
780 1163 962 1222 pecunia
1000 1160 1194 1222 nihilque
1222 1159 1431 1204 ardentius

148 1278 329 1330 speraret
349 1293 363 1322 ,τ
402 1282 529 1328 quam
564 1277 610 1312 ut
659 1268 815 1313 civium
867 1283 1039 1314 suorum
1084 1267 1353 1314 concordiam
1390 1275 1432 1311 et

147 1370 393 1414 felicitatem
426 1370 557 1416 solido
583 1372 664 1416 sibi
694 1372 870 1415 firmare¹
895 1373 1171 1416 fundamento
1206 1371 1431 1431 aliquando

147 1464 433 1534 contingeret:
483 1474 771 1521 Ptolemaeum
813 1474 1141 1536 Philadelphum
1158 1510 1169 1528 ‚
1217 1475 1426 1535 hospitem

144 1592 287 1632 suum,
321 1579 532 1624 immensis
555 1594 683 1639 quem
715 1579 850 1624 valere
889 1580 1038 1641 opibus
1075 1580 1209 1640 iisque
1246 1579 1425 1623 munifi-

158 1683 398 1728 centissime
426 1683 490 1728 uti
519 1683 650 1728 solere
682 1676 721 1722 2)
749 1684 906 1729 sciebat
924 1718 935 1737 ,
967 1684 1083 1728 adire
1104 1718 1114 1736 ‚
1146 1698 1345 1744 eumque.
1376 1692 1432 1726 ut

143 1798 313 1849 argento
343 1790 423 1834 sihi
450 1789 502 1833 ad
539 1788 740 1833 sedandos
780 1789 934 1832 civium
974 1789 1133 1831 animos
1159 1788 1429 1840 subveniret,

140 1892 364 1951 implorare
403 1893 589 1936 decrevit
638 1892 693 1937 3).
777 1887 926 1937 Aratus
943 1927 955 1944 ,
1009 1892 1196 1951 quamvis
1231 1891 1396 1950 juvenis
1413 1923 1425 1943 ,

192 2084 224 2119 1)
273 2072 329 2108 Cf.
354 2072 476 2110 Cicero
502 2075 543 2109 de
571 2075 645 2121 Off.
670 2076 735 2110 II.
759 2077 819 2110 23.

193 2156 227 2188 2)
276 2141 333 2179 Cf.
358 2142 487 2179 Gillies
511 2143 554 2180 P.
578 2143 629 2179 ΙΙ.
654 2144 711 2180 ch.
736 2144 798 2180 XI.

193 2221 225 2256 5)
273 2212 391 2258 Neque
428 2211 473 2247 ad
505 2220 579 2247 tam
615 2210 769 2247 salutare
806 2212 986 2258 negotium
1010 2220 1150 2258 tamque
1178 2211 1397 2258 praeclarum
1420 2238 1430 2256 ‚

144 2281 235 2326 regis
260 2282 365 2317 amici
377 2281 641 2325 liberalitatem
665 2283 852 2324 invocare,
879 2283 956 2318 viro
984 2282 1093 2329 probo
1119 2283 1300 2329 indignum
1316 2293 1425 2330 puta·

139 2348 193 2384 vit
217 2339 260 2385 de
284 2363 352 2398 quo
375 2351 501 2387 festive
525 2352 562 2387 iu
587 2364 622 2387 v.
645 2350 816 2387 Aristidis
843 2364 876 2387 c.
902 2351 934 2387 Ι.
958 2350 1169 2388 Plutarchus
1184 2365 1196 2388 z
1224 2354 1266 2387 οὐ
1289 2355 1358 2400 γάρ
1375 2355 1426 2392 ἕςι

139 2423 216 2457 τοῖς
233 2421 395 2463 ἀγαθοῖς
413 2421 614 2469 ἀκήρυκτος
633 2424 697 2457 καὶ
717 2423 900 2462 ἄσπονδος
921 2425 1011 2470 πρὸς
1031 2425 1096 2463 τὰς
1116 2426 1219 2471 παρὰ
1228 2424 1300 2458 τῶν
1313 2424 1425 2465 φίλων

142 2486 278 2530 δωρεὰς
298 2488 479 2530 πόλεμος,
507 2490 600 2523 ἀλλὰ
617 2493 681 2529 τὰς
701 2493 755 2529 εἰς
779 2491 961 2525 ἀπόθεσιν
984 2493 1048 2525 καὶ
1064 2492 1284 2532 πλεονεξίαν
1314 2494 1427 2537 ἀγεν-

138 2560 214 2593 νεῖς
240 2555 437 2598 ἡγούμενοι
471 2560 535 2591 καὶ
563 2562 759 2601 ταπεινὰς,
798 2561 879 2594 ὅσαι
900 2561 1109 2604 φιλοτιμίας
1126 2563 1223 2601 τινὸς
1244 2561 1425 2608 ἀκερδοῦς

137 2622 288 2669 ἔχονται
309 2623 373 2657 καὶ
396 2623 655 2672 λαμπρότητος
678 2627 742 2662 οὐκ
762 2628 1017 2664 ἀπωθοῦνται.
