1630 3217
767 289 848 331 185

171 455 254 484 non
280 438 387 498 fugit
411 437 587 480 Aratum
606 467 617 487 ,
652 446 777 499 quam
804 445 889 491 quo
916 430 1044 474 animi
1070 443 1188 472 sensu
1215 426 1358 471 tulerit
1371 441 1450 472 co·-

168 554 380 601 gnoscere,
404 537 497 599 quis
519 544 607 588 est,
642 534 744 594 quin
773 548 926 594 operae
941 532 1135 593 inprimis
1150 533 1332 593 pretium
1348 548 1449 577 cen-

169 641 293 685 seat?
374 636 596 682 Praeclare
637 635 749 679 enim
788 642 932 678 auctor
960 635 1172 695 locuples.-
1206 636 1254 679 οὐ
1282 640 1359 692 γάρ
1388 652 1454 679 τοι

174 744 343 799 σμικρὸν
388 741 511 798 ἔργον
529 771 542 791 ,
590 734 695 792 ἦθος
728 736 880 794 ἀνδρὸς
897 736 1095 790 γενναίου
1124 737 1226 792 πρὸς
1252 736 1366 793 αὐτῷ
1394 739 1454 791 τῷ

170 843 279 887 τέλει
311 845 382 886 τοῦ
408 841 506 898 βίου
529 843 794 893 καταμαθεῖν
813 872 825 890 ,
858 840 1033 894 πότερον
1044 839 1194 887 ἄτονος
1210 839 1280 880 καὶ
1298 837 1458 892 νωθρὸς

167 944 219 1000 ἦν
238 978 251 998 ,
282 949 311 1001 ἤ
337 947 608 989 παντάπασιν
631 940 799 991 ἀκλινὲς
835 942 880 984 τὸ
906 945 978 994 τῆς
1007 944 1145 997 ψυχῆς
1175 942 1323 995 ὄρθιον
1354 941 1454 993 ἐφύ-

174 1045 324 1089 λαττεν
364 1039 416 1088 ¹).
484 1042 595 1099 Quid
627 1042 757 1102 igitur
784 1042 971 1087 Aratus?
1035 1042 1147 1086 Num
1182 1042 1336 1085 fractus
1362 1040 1452 1084 ani-

175 1163 245 1192 mo
273 1147 488 1200 concidit,
521 1162 575 1191 an
603 1162 701 1191 vero
731 1146 1031 1199 constantiam,
1064 1146 1145 1206 qua
1172 1146 1236 1189 vir
1260 1145 1453 1207 fortissa-

173 1250 378 1311 piensque
407 1259 625 1303 censetur,
663 1249 729 1293 vel
754 1250 798 1292 in
827 1249 1055 1293 certissimo
1070 1248 1216 1290 mortis
1229 1256 1455 1306 conspectu

170 1353 347 1397 servavit
394 1354 600 1411 lentoque
636 1355 738 1396 risu
755 1385 768 1404 ,
816 1360 863 1396 ut
898 1352 956 1395 ait
1000 1354 1125 1409 po'eta
1142 1385 1153 1403 ‚
1194 1352 1456 1411 temperavit

172 1454 375 1500 amara?
407 1455 558 1500 Aratus
575 1489 588 1507 ,
613 1454 727 1513 (sunt
761 1453 890 1514 ipsius
917 1451 1146 1513 Biographi
1170 1452 1343 1510 verba),
1376 1452 1451 1496 ubi

178 1571 384 1599 venenum
414 1572 455 1600 se
485 1556 666 1600 hausisse
690 1564 903 1609 senserat,
937 1571 1067 1616 quum
1100 1554 1238 1608 nihil,
1270 1570 1359 1599 rem
1374 1556 1454 1600 de—

177 1658 435 1712 nuntiando,
483 1668 585 1703 esset
624 1659 916 1719 profecturus,
948 1659 1114 1719 placide
1140 1659 1351 1720 taciteque
1385 1675 1454 1704 ca-

176 1758 405 1803 lamitatem
430 1760 546 1803 illam
565 1794 577 1812 ,
609 1769 654 1804 ut
677 1760 885 1820 vulgarem
899 1761 1107 1819 quendam
1123 1762 1317 1804 morbum
1333 1776 1455 1804 exan-

179 1860 311 1904 tlabat
329 1879 339 1906 :
374 1860 503 1905 semel
524 1869 689 1905 tantum
706 1895 718 1914 ,
740 1877 835 1905 cum
841 1864 930 1921 jam
946 1862 1197 1921 praecordiis
1210 1871 1454 1921 conceptam

181 1971 360 2007 mortem
373 1964 611 2008 contineret
625 1964 955 2025 sanguinemque
967 1965 1212 2010 evomuisset
1228 2000 1240 2020 ,
1257 1966 1331 2009 uni
1346 1981 1370 2009 e
1386 1967 1455 2011 fa-

160 2051 415 2108 >miliaribus
459 2065 629 2109 miranti
655 2066 898 2126 respondit:
939 2100 968 2121 „
1000 2068 1141 2122 Haec,
1166 2085 1191 2112 o
1218 2068 1454 2130 Cephalon,

180 2181 326 2228 regum
355 2169 565 2213 amicitiae
592 2170 779 2229 praemia
796 2173 840 2213 !''
880 2169 919 2215 2)
982 2172 1072 2227 Quo
1100 2172 1144 2214 in
1173 2172 1263 2216 loco
1287 2173 1455 2233 Polybi-

228 2348 259 2379 1)
308 2349 557 2386 Demosthenis
605 2350 812 2389 Encomium
837 2378 846 2394 .
900 2352 1001 2400 vulgo
1049 2354 1204 2390 Lueiano
1240 2355 1453 2404 adscriptum

184 2426 215 2448 c.
242 2416 300 2450 43.

224 2484 258 2516 2)
308 2487 361 2523 Ita
388 2487 625 2526 Plutarchus:
664 2492 797 2535 ταῦτ’,
825 2484 850 2527 ὦ
875 2496 1070 2536 Κεφάλων,
1098 2500 1267 2543 ἐπίχειρα
1292 2504 1356 2544 τῆς
1382 2504 1457 2541 βα-

179 2554 313 2599 σιλικῆς
341 2557 474 2595 φιλίας.
525 2558 648 2593 Paullo
675 2559 782 2595 aliter
807 2560 997 2608 Polybius:
1026 2566 1145 2596 ταῦτα
1177 2565 1376 2614 τάπίχειρα
1395 2573 1458 2612 τῆς

179 2624 300 2663 φιλίας
318 2649 328 2665 ,
356 2625 381 2657 ω
407 2626 604 2670 Κεφάλων,
634 2633 888 2672 κεκομίσμεθα
913 2637 975 2675 τῆς
999 2634 1085 2678 πρὸς
1113 2632 1307 2668 Φίλιππον.
