1630 3217
822 316 907 359 124

217 448 392 521 'quoque
436 456 574 501 facere
614 456 739 502 vellet
756 481 781 511 ,<
816 473 1029 505 summum
1080 460 1191 506 vitae
1242 461 1466 510 discrimen
1488 501 1516 521 ‚„

214 562 267 605 ab
298 560 545 605 exacerbata
571 551 1123 619 multitudine'imminens,
1164 564 1272 609 mira
1292 567 1503 628 ⁴aequabi-

179 693 185 703 .
211 661 347 707 litatis
384 665 641 726 mentisque·
674 666 1008 726 imperturbatae
1051 672 1218 731 speeie,
1265 664 1502 734 callidaque

208 771 348 831 metus
390 769 724 816 dissimulatione
740 805 753 826 ,
776 780 825 817 ut
851 774 1081 833 effugeret,
1108 775 1298 836 contigit.
1362 777 1500 834 Quum

211 873 328 918 enim
347 864 351 866 ’
369 871 609 918 Corinthios
628 906 641 926 ,
686 873 799 916 facto
845 873 898 916 ad
924 873 1135 935 Apollinis
1157 875 1362 939 templum
1391 892 1499 921 con-

210 993 337 1023 cursu
354 1012 366 1032 ,
425 976 470 1020 id
508 976 690 1020 maxime
736 991 859 1037 agere
902 975 1118 1029 sensisset,
1164 986 1213 1021 ut
1248 979 1388 1038 ipsum
1433 978 1498 1022 vel

209 1079 470 1135 occiderent,
501 1078 568 1124 vel
584 1079 801 1140 captivum
816 1078 1058 1123 detinerent
1072 1085 1169 1123 ante
1181 1077 1464 1125 defectionem
1483 1098 1499 1126 ε

206 1181 351 1228 multis
369 1185 464 1243 jam
490 1183 542 1227 de
568 1182 734 1226 sedibus
760 1180 844 1225 suis
865 1180 1181 1241 prosilientibus
1211 1181 1498 1241 *conviciiSqne

203 1301 306 1331 eum
345 1285 586 1346 petentibus
605 1319 616 1339 ,
662 1284 871 1329 constanti
907 1283 1029 1329 vultu
1065 1291 1108 1327 et
1150 1283 1237 1328 Ieni
1276 1298 1466 1335 sermone
1483 1318 1510 1339 ‚.

208 1390 428 1436 considere
451 1406 519 1435 eos
539 1389 667 1452 jussit
695 1406 831 1452 neque
857 1391 917 1436 ita
947 1399 1100 1437 stantes
1131 1391 1304 1435 confuse
1333 1389 1495 1435 clama-

205 1511 285 1550 re3
335 1496 498 1539 circum
534 1506 676 1556 portas
705 1512 875 1557 quoque
914 1504 1182 1555 congregatos
1210 1497 1368 1540 intrare
1395 1494 1495 1538 hor-

203 1607 314 1644 tatus
340 1607 402 1644 est
427 1597 638 1660 simulque
662 1597 926 1659 pedetentim
948 1598 1002 1643 de
1028 1599 1125 1643 fano
1147 1598 1316 1643 recessit
1331 1631 1346 1652 ,
1378 1599 1495 1659 quasi

202 1719 363 1764 equum
380 1737 391 1756 ,
438 1718 567 1763 quem
585 1736 597 1756 ‚
643 1712 865 1763 tamquam
894 1719 981 1747 non
1008 1703 1209 1748 diffidens
1231 1703 1335 1763 ipsis
1356 1702 1493 1747 nihil·
1532 1712 1541 1718 ’

204 1820 290 1866 que
315 1803 545 1864 suspicatus
562 1837 575 1858 ,
608 1819 737 1849 mauu
760 1805 849 1865 ipse
871 1802 1039 1849 trahens
1055 1837 1069 1858 ‚
1112 1805 1359 1859 advenerat,
1408 1813 1493 1849 tra-

202 1909 305 1953 dere
346 1907 512 1952 cuidam
554 1908 696 1953 vellet.
768 1908 832 1952 Ita
877 1923 962 1952 sese
998 1904 1311 1962 subtrahendo,
1342 1922 1490 1951 occur-

196 2022 337 2057 rentes
377 2013 422 2056 in
465 2013 531 2056 via
573 2011 814 2057 Corinthios
864 2011 1031 2071 placide
1084 2010 1298 2070 alloquens
1342 2018 1384 2054 et
1442 2010 1486 2054 in

197 2116 345 2161 aedem
367 2115 577 2177 Apollinis
596 2117 657 2160 ire
671 2116 827 2176 jubens
844 2150 856 2169 ,
891 2124 937 2159 ut
959 2113 1170 2176 paulatim·
1188 2129 1322 2176 prope
1343 2109 1485 2157 arcem

196 2221 393 2280 pervenit
414 2255 425 2274 ,
461 2220 506 2263 in
546 2235 706 2281 equum
729 2219 891 2275 insilit,
932 2218 1148 2278 praefecto
1177 2214 1402 2278 praesidii,
1438 2224 1484 2260 ut

195 2330 365 2366 strenue
376 2334 515 2363 arcem
530 2320 975 2379 custodiat‚-praecipit
994 2354 1006 2373 ‚
1020 2320 1247 2376 Sicyonem
1263 2319 1361 2377 fuga
1377 2334 1483 2363 con-

194 2422 360 2476 tendit,
392 2421 566 2481 triginta
592 2420 884 2464 tantummodo
916 2421 1215 2466 comitantibus
1246 2420 1479 2469 militibus:

194 2527 351 2572 caeteri
388 2525 503 2570 enim
541 2524 811 2567 deseruerant
832 2539 935 2578 eum
975 2532 1103 2584 atque
1131 2524 1175 2568 in
1211 2524 1363 2571 itinere
1394 2525 1481 2573 dif-

193 2629 413 2678 fluxerant.
476 2627 603 2672 Hisce
634 2627 887 2688 compertis,
922 2627 1163 2684 Corinthii,
1199 2630 1351 2675 frustra
1378 2645 1477 2674 eum
