1630 3217
842 231 896 270 10

216 365 326 411 sium
353 366 437 411 sive
453 366 882 415 Lacedaemoniorum
903 366 989 418 sive
1003 372 1130 419 etiam
1143 373 1440 426 Thebanorum
1453 383 1497 427 in

213 473 339 518 rebus
355 473 555 518 Graeciae
583 474 755 521 diversis
785 478 1044 539 temporibus
1068 478 1109 523 vi
1145 488 1186 525 et
1221 479 1467 531 efficacitate
1486 516 1498 535 ,

212 576 480 622 Achaeorum
534 579 661 624 etiam
704 589 832 630 status
867 582 1130 644 aliquatenus
1170 582 1462 631 immutaretur
1481 620 1493 639 ‚

208 685 447 745 Xenophon
475 686 520 730 in
545 687 775 733 Hellenicis
803 690 931 735 tradit
967 686 1034 736 ll:
1068 706 1153 752 quo
1169 700 1358 753 tempore
1373 691 1493 737 The-

204 789 334 843 bani,
382 791 491 836 duce
522 791 843 852 Epaminonda,
889 796 1178 856 principatum
1216 798 1485 852 obtinerent,

204 891 472 938 Achaeorum
489 895 764 953 optimatibus
781 897 901 958 ‚qui
925 907 1027 942 tunc
1053 899 1241 946 civitates
1268 909 1458 963 regerent
1476 934 1488 954 ,

201 998 379 1061 expulsis
397 1033 411 1053 ,
442 999 779 1044 Democraticam
809 1000 934 1060 plane
956 1003 1172 1061 regiminis
1201 1006 1380 1050 formam
1409 1006 1489 1049 ite-

198 1118 291 1148 rum
317 1104 431 1164 apud
459 1102 647 1148 Achaeos
673 1105 797 1147 fuisse
822 1104 1085 1158 institutam,
1103 1105 1213 1149 unde
1225 1108 1478 1153 concludere

198 1207 299 1252 licet
319 1242 330 1260 ,
363 1207 618 1265 Polybium,
653 1208 727 1251 ubi
758 1208 889 1252 dicit:
926 1212 998 1263 τῆς
1030 1210 1239 1267 ἰσηγορίας
1268 1212 1339 1252 καὶ
1375 1213 1487 1267 παῤ-

197 1316 342 1372 ῥησίας
373 1316 444 1358 καὶ
475 1313 664 1357 καθόλου
696 1313 975 1369 δημοκρατίας
1005 1311 1214 1368 ἀληθινῆς
1244 1316 1399 1368 σόςημα
1416 1314 1486 1354 καὶ

194 1420 435 1475 προαίρεσιν
478 1417 794 1478 εἷλικρινεςέραν
836 1417 910 1461 οὐκ
952 1418 1007 1460 ἄν
1038 1416 1148 1473 εὕροί
1175 1433 1238 1466 τις
1269 1419 1340 1471 τῆς
1370 1417 1485 1473 παρὰ

191 1526 277 1571 τοῖς
309 1521 510 1580 Ἀχαιοῖς
538 1524 825 1580 ὑπαρχούσης,
856 1520 1130 1582 illainprimis
1145 1521 1354 1588 respicere
1376 1530 1482 1565 tem-

191 1643 293 1687 pora
334 1628 410 1671 ubi
454 1635 603 1673 contra
640 1627 886 1687 gliscentem
913 1626 958 1669 in
987 1626 1076 1672 dies
1102 1625 1381 1671 Macedonum
1402 1641 1479 1686 po-

192 1737 383 1774 testatem
411 1729 572 1774 enixius
593 1730 684 1789 jam
714 1729 865 1773 luctari
876 1728 1038 1774 Achaei
1053 1729 1289 1789 inciperent
1319 1745 1475 1774 unam-

190 1849 276 1894 que
298 1833 559 1893 reipublicae
584 1833 938 1877 administrandae
963 1834 1169 1878 rationem
1191 1834 1324 1878 secuti
1335 1848 1477 1878 omnes

185 1937 237 1981 ad
261 1937 452 1981 instituta
477 1951 549 1980 sua
579 1935 824 1996 recipienda
849 1936 1101 1980 invitarent:
1139 1936 1230 1979 illos
1244 1945 1385 1980 autem
1399 1936 1475 1996 qui

186 2041 251 2084 vel
288 2038 472 2102 propriis
510 2037 663 2099 opibus
688 2038 755 2082 vel
780 2051 928 2099 regum
957 2037 1112 2082 auxilio
1150 2038 1251 2082 freti
1278 2052 1369 2081 suas
1393 2037 1474 2081 sibi

186 2146 373 2189 civitates
396 2144 550 2188 servire
574 2152 796 2202 cogerent,
829 2142 955 2187 bellis
984 2136 1471 2194 continuislacessendo,

185 2265 347 2295 summa
374 2249 525 2293 virium
556 2247 825 2292 contentione
855 2246 1101 2308 opprimere
1144 2253 1417 2291 conarentur.

242 2353 343 2397 Fuit
373 2352 498 2412 igitur
526 2350 735 2395 Acha'icae
756 2349 1017 2410 reipublicae
1043 2357 1171 2393 status
1209 2363 1303 2393 vere
1329 2364 1466 2409 popu-

228 2548 265 2580 1)
312 2535 454 2573 Hellen.
500 2537 583 2573 vll.
618 2538 677 2573 30.
705 2539 763 2575 31.
815 2536 871 2574 Cf.
910 2537 1058 2575 Mitford
1084 2537 1236 2587 History
1263 2540 1303 2576 of
1325 2538 1458 2577 Greece

177 2606 212 2641 h.
239 2604 402 2642 XXVIII.
