<?xml version="1.0" encoding="UTF-8"?>
<!DOCTYPE html PUBLIC "-//W3C//DTD XHTML 1.0 Transitional//EN"
    "http://www.w3.org/TR/xhtml1/DTD/xhtml1-transitional.dtd">
<html xmlns="http://www.w3.org/1999/xhtml" xml:lang="en" lang="en">
 <head>
  <title>
</title>
<meta http-equiv="Content-Type" content="text/html;charset=utf-8" />
  <meta name='ocr-system' content='tesseract 3.04.00' />
  <meta name='ocr-capabilities' content='ocr_page ocr_carea ocr_par ocr_line ocrx_word'/>
</head>
<body>
  <div class='ocr_page' id='page_1' title='image "4737160_0031.png"; bbox 0 0 1630 3217; ppageno 0'>
   <div class='ocr_carea' id='block_1_1' title="bbox 832 330 857 370">
    <p class='ocr_par' dir='ltr' id='par_1_1' title="bbox 832 330 857 370">
     <span class='ocr_line' id='line_1_1' title="bbox 832 330 857 370; baseline 0 0"><span class='ocrx_word' id='word_1_1' title='bbox 832 330 857 370; x_wconf 85' lang='lat'>4</span> 
     </span>
    </p>
   </div>
   <div class='ocr_carea' id='block_1_2' title="bbox 197 470 1519 2195">
    <p class='ocr_par' dir='ltr' id='par_1_2' title="bbox 197 470 1519 2195">
     <span class='ocr_line' id='line_1_2' title="bbox 257 470 1475 533; baseline -0.001 -17"><span class='ocrx_word' id='word_1_2' title='bbox 257 473 487 533; x_wconf 81' lang='lat' dir='ltr'>Pleraeque</span> <span class='ocrx_word' id='word_1_3' title='bbox 530 470 792 516; x_wconf 81' lang='lat' dir='ltr'><strong>Achaeorum</strong></span> <span class='ocrx_word' id='word_1_4' title='bbox 839 471 963 516; x_wconf 89' lang='lat' dir='ltr'><strong>urbes</strong></span> <span class='ocrx_word' id='word_1_5' title='bbox 997 486 1147 533; x_wconf 82' lang='lat' dir='ltr'><strong>parvae</strong></span> <span class='ocrx_word' id='word_1_6' title='bbox 1190 479 1337 525; x_wconf 89' lang='lat' dir='ltr'><strong>erant;</strong></span> <span class='ocrx_word' id='word_1_7' title='bbox 1389 473 1475 532; x_wconf 74' lang='lat' dir='ltr'><strong>agri</strong></span> 
     </span>
     <span class='ocr_line' id='line_1_3' title="bbox 198 574 1478 636; baseline 0.002 -19"><span class='ocrx_word' id='word_1_8' title='bbox 198 590 334 635; x_wconf 87' lang='lat' dir='ltr'><strong>neque</strong></span> <span class='ocrx_word' id='word_1_9' title='bbox 363 576 524 619; x_wconf 86' lang='lat' dir='ltr'><strong>fertiles</strong></span> <span class='ocrx_word' id='word_1_10' title='bbox 551 583 687 635; x_wconf 79' lang='lat' dir='ltr'><strong>neq&#39;ue</strong></span> <span class='ocrx_word' id='word_1_11' title='bbox 727 575 927 636; x_wconf 85' lang='lat' dir='ltr'><strong>spatiosi;</strong></span> <span class='ocrx_word' id='word_1_12' title='bbox 980 577 1085 619; x_wconf 87' lang='lat' dir='ltr'><strong>mari</strong></span> <span class='ocrx_word' id='word_1_13' title='bbox 1122 574 1368 635; x_wconf 87' lang='lat' dir='ltr'><strong>adjacebant</strong></span> <span class='ocrx_word' id='word_1_14' title='bbox 1397 575 1478 619; x_wconf 91' lang='lat' dir='ltr'><strong>im-</strong></span> 
     </span>
     <span class='ocr_line' id='line_1_4' title="bbox 197 667 1476 742; baseline 0.002 -19"><span class='ocrx_word' id='word_1_15' title='bbox 197 689 427 739; x_wconf 82' lang='lat' dir='ltr'><strong>portuoSO,</strong></span> <span class='ocrx_word' id='word_1_16' title='bbox 473 679 663 740; x_wconf 86' lang='lat' dir='ltr'><strong>scopulos</strong></span> <span class='ocrx_word' id='word_1_17' title='bbox 704 691 951 742; x_wconf 87' lang='lat' dir='ltr'><strong>praeruptos</strong></span> <span class='ocrx_word' id='word_1_18' title='bbox 990 667 1188 742; x_wconf 84' lang='lat' dir='ltr'><strong>pulsanti.</strong></span> <span class='ocrx_word' id='word_1_19' title='bbox 1253 680 1408 728; x_wconf 84' lang='lat' dir='ltr'><strong>Omnes</strong></span> <span class='ocrx_word' id='word_1_20' title='bbox 1435 682 1476 726; x_wconf 89' lang='lat' dir='ltr'><strong>in</strong></span> 
     </span>
     <span class='ocr_line' id='line_1_5' title="bbox 199 782 1478 847; baseline 0.005 -22"><span class='ocrx_word' id='word_1_21' title='bbox 199 797 330 826; x_wconf 90' lang='lat' dir='ltr'><strong>unum</strong></span> <span class='ocrx_word' id='word_1_22' title='bbox 375 782 578 829; x_wconf 74' lang='lat' dir='ltr'>collectae</span> <span class='ocrx_word' id='word_1_23' title='bbox 617 784 740 829; x_wconf 88' lang='lat' dir='ltr'><strong>unius</strong></span> <span class='ocrx_word' id='word_1_24' title='bbox 784 785 989 840; x_wconf 88' lang='lat' dir='ltr'><strong>civitatis,</strong></span> <span class='ocrx_word' id='word_1_25' title='bbox 1039 788 1253 832; x_wconf 81' lang='lat' dir='ltr'><strong>mentione</strong></span> <span class='ocrx_word' id='word_1_26' title='bbox 1298 786 1478 847; x_wconf 79' lang='lat' dir='ltr'><strong>dignae,</strong></span> 
     </span>
     <span class='ocr_line' id='line_1_6' title="bbox 199 887 1479 954; baseline 0.003 -22"><span class='ocrx_word' id='word_1_27' title='bbox 199 887 306 933; x_wconf 83' lang='lat' dir='ltr'><strong>vires</strong></span> <span class='ocrx_word' id='word_1_28' title='bbox 349 887 463 934; x_wconf 89' lang='lat' dir='ltr'><strong>haud</strong></span> <span class='ocrx_word' id='word_1_29' title='bbox 513 891 749 950; x_wconf 83' lang='lat' dir='ltr'><strong>aequabant</strong></span> <span class='ocrx_word' id='word_1_30' title='bbox 788 891 840 941; x_wconf 83' lang='lat'><strong>¹).</strong></span> <span class='ocrx_word' id='word_1_31' title='bbox 906 891 1164 946; x_wconf 82' lang='lat' dir='ltr'><strong>»Achaei‚&#39;&#39;</strong></span> <span class='ocrx_word' id='word_1_32' title='bbox 1199 892 1335 954; x_wconf 85' lang='lat' dir='ltr'><strong>inquit</strong></span> <span class='ocrx_word' id='word_1_33' title='bbox 1358 891 1479 950; x_wconf 81' lang='lat' dir='ltr'><strong>Poly-</strong></span> 
     </span>
     <span class='ocr_line' id='line_1_7' title="bbox 201 987 1482 1056; baseline 0 -17"><span class='ocrx_word' id='word_1_34' title='bbox 201 994 321 1048; x_wconf 87' lang='lat' dir='ltr'><strong>bius,</strong></span> <span class='ocrx_word' id='word_1_35' title='bbox 372 987 546 1055; x_wconf 85' lang='lat' dir='ltr'><strong>»neque</strong></span> <span class='ocrx_word' id='word_1_36' title='bbox 593 994 761 1038; x_wconf 89' lang='lat' dir='ltr'><strong>urbium</strong></span> <span class='ocrx_word' id='word_1_37' title='bbox 808 1010 984 1039; x_wconf 86' lang='lat' dir='ltr'><strong>numero</strong></span> <span class='ocrx_word' id='word_1_38' title='bbox 1028 1012 1168 1056; x_wconf 88' lang='lat' dir='ltr'><strong>neque</strong></span> <span class='ocrx_word' id='word_1_39' title='bbox 1207 996 1359 1041; x_wconf 83' lang='lat' dir='ltr'><strong>eximia</strong></span> <span class='ocrx_word' id='word_1_40' title='bbox 1399 995 1482 1039; x_wconf 86' lang='lat' dir='ltr'><strong>ulla</strong></span> 
     </span>
     <span class='ocr_line' id='line_1_8' title="bbox 204 1087 1484 1158; baseline 0.003 -18"><span class='ocrx_word' id='word_1_41' title='bbox 204 1087 427 1143; x_wconf 81' lang='lat' dir='ltr'><strong>»virorum</strong></span> <span class='ocrx_word' id='word_1_42' title='bbox 457 1097 710 1158; x_wconf 80' lang='lat' dir='ltr'><strong>praestantia</strong></span> <span class='ocrx_word' id='word_1_43' title='bbox 741 1097 914 1141; x_wconf 90' lang='lat' dir='ltr'><strong>caeteris</strong></span> <span class='ocrx_word' id='word_1_44' title='bbox 942 1097 1026 1140; x_wconf 88' lang='lat' dir='ltr'><strong>ullo</strong></span> <span class='ocrx_word' id='word_1_45' title='bbox 1053 1099 1180 1142; x_wconf 82' lang='lat' dir='ltr'><strong>modo</strong></span> <span class='ocrx_word' id='word_1_46' title='bbox 1211 1098 1484 1144; x_wconf 88' lang='lat' dir='ltr'><strong>antecellunt.</strong></span> 
     </span>
     <span class='ocr_line' id='line_1_9' title="bbox 204 1178 1486 1247; baseline 0 -3"><span class='ocrx_word' id='word_1_47' title='bbox 204 1198 350 1247; x_wconf 85' lang='lat' dir='ltr'><strong>»Nam</strong></span> <span class='ocrx_word' id='word_1_48' title='bbox 396 1178 608 1247; x_wconf 82' lang='lat' dir='ltr'><strong>Arcadum</strong></span> <span class='ocrx_word' id='word_1_49' title='bbox 660 1217 758 1246; x_wconf 90' lang='lat' dir='ltr'><strong>sane</strong></span> <span class='ocrx_word' id='word_1_50' title='bbox 801 1201 916 1245; x_wconf 86' lang='lat' dir='ltr'><strong>natio</strong></span> <span class='ocrx_word' id='word_1_51' title='bbox 970 1201 1011 1245; x_wconf 75' lang='lat' dir='ltr'><strong>e&#39;t</strong></span> <span class='ocrx_word' id='word_1_52' title='bbox 1057 1200 1486 1245; x_wconf 82' lang='lat' dir='ltr'><strong>Lacedaemoniorum</strong></span> 
     </span>
     <span class='ocr_line' id='line_1_10' title="bbox 207 1300 1487 1369; baseline 0.003 -22"><span class='ocrx_word' id='word_1_53' title='bbox 207 1314 417 1366; x_wconf 89' lang='lat' dir='ltr'><strong>»quoque</strong></span> <span class='ocrx_word' id='word_1_54' title='bbox 455 1321 552 1351; x_wconf 90' lang='lat' dir='ltr'><strong>cum</strong></span> <span class='ocrx_word' id='word_1_55' title='bbox 582 1315 760 1352; x_wconf 88' lang='lat' dir='ltr'><strong>numero</strong></span> <span class='ocrx_word' id='word_1_56' title='bbox 796 1300 1019 1351; x_wconf 85' lang='lat' dir='ltr'><strong>hominum</strong></span> <span class='ocrx_word' id='word_1_57' title='bbox 1047 1315 1136 1351; x_wconf 86' lang='lat' dir='ltr'><strong>tum</strong></span> <span class='ocrx_word' id='word_1_58' title='bbox 1174 1306 1346 1352; x_wconf 89' lang='lat' dir='ltr'><strong>ditionis</strong></span> <span class='ocrx_word' id='word_1_59' title='bbox 1371 1323 1487 1369; x_wconf 82' lang='lat' dir='ltr'><strong>mag-</strong></span> 
     </span>
     <span class='ocr_line' id='line_1_11' title="bbox 207 1387 1488 1473; baseline 0 -21"><span class='ocrx_word' id='word_1_60' title='bbox 207 1410 440 1454; x_wconf 88' lang='lat' dir='ltr'><strong>»nitudine</strong></span> <span class='ocrx_word' id='word_1_61' title='bbox 469 1387 658 1456; x_wconf 72' lang='lat' dir='ltr'><strong>Achaeos</strong></span> <span class='ocrx_word' id='word_1_62' title='bbox 684 1412 809 1473; x_wconf 78' lang='lat' dir='ltr'><strong>longo</strong></span> <span class='ocrx_word' id='word_1_63' title='bbox 840 1411 1061 1455; x_wconf 82' lang='lat' dir='ltr'><strong>intervallo</strong></span> <span class='ocrx_word' id='word_1_64' title='bbox 1088 1414 1318 1470; x_wconf 68' lang='lat' dir='ltr'><strong>superant:</strong></span> <span class='ocrx_word' id='word_1_65' title='bbox 1364 1418 1405 1453; x_wconf 93' lang='lat' dir='ltr'><strong>et</strong></span> <span class='ocrx_word' id='word_1_66' title='bbox 1435 1423 1488 1452; x_wconf 89' lang='lat' dir='ltr'><strong>ne</strong></span> 
     </span>
     <span class='ocr_line' id='line_1_12' title="bbox 207 1511 1489 1575; baseline 0.002 -20"><span class='ocrx_word' id='word_1_67' title='bbox 207 1515 505 1559; x_wconf 84' lang='lat' dir='ltr'><strong>»fortitudinis</strong></span> <span class='ocrx_word' id='word_1_68' title='bbox 548 1516 721 1575; x_wconf 90' lang='lat' dir='ltr'><strong>quidem</strong></span> <span class='ocrx_word' id='word_1_69' title='bbox 761 1516 946 1574; x_wconf 86' lang='lat' dir='ltr'><strong>palmam</strong></span> <span class='ocrx_word' id='word_1_70' title='bbox 984 1511 1183 1573; x_wconf 86' lang='lat' dir='ltr'><strong>cuiquam</strong></span> <span class='ocrx_word' id='word_1_71' title='bbox 1213 1529 1262 1557; x_wconf 85' lang='lat' dir='ltr'><strong>ex</strong></span> <span class='ocrx_word' id='word_1_72' title='bbox 1294 1514 1489 1557; x_wconf 87' lang='lat' dir='ltr'><strong>omnibus</strong></span> 
     </span>
     <span class='ocr_line' id='line_1_13' title="bbox 207 1615 1487 1677; baseline 0.001 -19"><span class='ocrx_word' id='word_1_73' title='bbox 207 1616 414 1661; x_wconf 86' lang='lat' dir='ltr'><strong>»Graecis</strong></span> <span class='ocrx_word' id='word_1_74' title='bbox 440 1616 505 1660; x_wconf 86' lang='lat' dir='ltr'><strong>illi</strong></span> <span class='ocrx_word' id='word_1_75' title='bbox 531 1632 636 1677; x_wconf 92' lang='lat' dir='ltr'><strong>quos</strong></span> <span class='ocrx_word' id='word_1_76' title='bbox 664 1615 846 1660; x_wconf 82' lang='lat' dir='ltr'><strong>diximus</strong></span> <span class='ocrx_word' id='word_1_77' title='bbox 874 1616 1202 1663; x_wconf 85' lang='lat' dir='ltr'><strong>concesserint.&#39;&#39;</strong></span> <span class='ocrx_word' id='word_1_78' title='bbox 1268 1615 1487 1672; x_wconf 84' lang='lat' dir='ltr'><strong>Quomodo</strong></span> 
     </span>
     <span class='ocr_line' id='line_1_14' title="bbox 207 1714 1486 1780; baseline 0.002 -19"><span class='ocrx_word' id='word_1_79' title='bbox 207 1718 336 1778; x_wconf 84' lang='lat' dir='ltr'><strong>igitur</strong></span> <span class='ocrx_word' id='word_1_80' title='bbox 363 1714 547 1773; x_wconf 80' lang='lat' dir='ltr'><strong>factum,</strong></span> <span class='ocrx_word' id='word_1_81' title='bbox 574 1728 623 1763; x_wconf 90' lang='lat' dir='ltr'><strong>ut</strong></span> <span class='ocrx_word' id='word_1_82' title='bbox 650 1724 692 1765; x_wconf 79' lang='lat' dir='ltr'><strong>e&#39;t</strong></span> <span class='ocrx_word' id='word_1_83' title='bbox 712 1718 871 1764; x_wconf 80' lang='lat' dir='ltr'><strong>Achaei</strong></span> <span class='ocrx_word' id='word_1_84' title='bbox 902 1727 945 1763; x_wconf 89' lang='lat' dir='ltr'><strong>et</strong></span> <span class='ocrx_word' id='word_1_85' title='bbox 974 1721 1048 1780; x_wconf 88' lang='lat' dir='ltr'><strong>qui</strong></span> <span class='ocrx_word' id='word_1_86' title='bbox 1071 1721 1116 1764; x_wconf 92' lang='lat' dir='ltr'><strong>in</strong></span> <span class='ocrx_word' id='word_1_87' title='bbox 1143 1719 1312 1765; x_wconf 89' lang='lat' dir='ltr'><strong>illorum</strong></span> <span class='ocrx_word' id='word_1_88' title='bbox 1337 1720 1486 1780; x_wconf 88' lang='lat' dir='ltr'><strong>reipu-</strong></span> 
     </span>
     <span class='ocr_line' id='line_1_15' title="bbox 206 1806 1519 1869; baseline 0.004 -5"><span class='ocrx_word' id='word_1_89' title='bbox 206 1820 343 1865; x_wconf 90' lang='lat' dir='ltr'><strong>blicae</strong></span> <span class='ocrx_word' id='word_1_90' title='bbox 372 1837 421 1866; x_wconf 92' lang='lat' dir='ltr'><strong>ac</strong></span> <span class='ocrx_word' id='word_1_91' title='bbox 459 1822 641 1867; x_wconf 91' lang='lat' dir='ltr'><strong>nominis</strong></span> <span class='ocrx_word' id='word_1_92' title='bbox 669 1823 914 1868; x_wconf 87' lang='lat' dir='ltr'><strong>societatem</strong></span> <span class='ocrx_word' id='word_1_93' title='bbox 951 1823 1197 1869; x_wconf 88' lang='lat' dir='ltr'><strong>coaluerunt</strong></span> <span class='ocrx_word' id='word_1_94' title='bbox 1227 1826 1383 1869; x_wconf 89' lang='lat' dir='ltr'><strong>caeteri</strong></span> <span class='ocrx_word' id='word_1_95' title='bbox 1413 1825 1493 1869; x_wconf 91' lang='lat' dir='ltr'><strong>Pe-</strong></span> <span class='ocrx_word' id='word_1_96' title='bbox 1517 1806 1519 1808; x_wconf 67' lang='lat'><em>-</em></span> 
     </span>
     <span class='ocr_line' id='line_1_16' title="bbox 205 1927 1493 1988; baseline 0 -17"><span class='ocrx_word' id='word_1_97' title='bbox 205 1928 441 1988; x_wconf 88' lang='lat' dir='ltr'><strong>loponnesii</strong></span> <span class='ocrx_word' id='word_1_98' title='bbox 470 1937 629 1973; x_wconf 86' lang='lat' dir='ltr'><strong>tantam</strong></span> <span class='ocrx_word' id='word_1_99' title='bbox 652 1928 833 1972; x_wconf 88' lang='lat' dir='ltr'><strong>nominis</strong></span> <span class='ocrx_word' id='word_1_100' title='bbox 872 1927 1159 1985; x_wconf 81' lang='lat' dir='ltr'><strong>celebritatem</strong></span> <span class='ocrx_word' id='word_1_101' title='bbox 1201 1927 1344 1987; x_wconf 88' lang='lat' dir='ltr'><strong>adepti</strong></span> <span class='ocrx_word' id='word_1_102' title='bbox 1372 1928 1453 1971; x_wconf 91' lang='lat' dir='ltr'><strong>sint</strong></span> <span class='ocrx_word' id='word_1_103' title='bbox 1472 1930 1493 1971; x_wconf 69' lang='grc' dir='ltr'><strong>’ἶ</strong></span> 
     </span>
     <span class='ocr_line' id='line_1_17' title="bbox 206 2008 1493 2091; baseline -0.002 -15"><span class='ocrx_word' id='word_1_104' title='bbox 206 2008 443 2076; x_wconf 66' lang='lat' dir='ltr'><strong>Praeclare</strong></span> <span class='ocrx_word' id='word_1_105' title='bbox 466 2032 681 2091; x_wconf 82' lang='lat' dir='ltr'><strong>subjungit</strong></span> <span class='ocrx_word' id='word_1_106' title='bbox 725 2031 872 2075; x_wconf 90' lang='lat' dir='ltr'><strong>idem:</strong></span> <span class='ocrx_word' id='word_1_107' title='bbox 945 2031 1217 2075; x_wconf 86' lang='lat' dir='ltr'><strong>»Fortunam</strong></span> <span class='ocrx_word' id='word_1_108' title='bbox 1265 2029 1390 2088; x_wconf 87' lang='lat' dir='ltr'><strong>hujus</strong></span> <span class='ocrx_word' id='word_1_109' title='bbox 1430 2030 1493 2073; x_wconf 81' lang='lat' dir='ltr'><strong>rei</strong></span> 
     </span>
     <span class='ocr_line' id='line_1_18' title="bbox 211 2132 1493 2195; baseline -0.002 -17"><span class='ocrx_word' id='word_1_110' title='bbox 211 2145 465 2181; x_wconf 85' lang='lat' dir='ltr'><strong>»auctorem</strong></span> <span class='ocrx_word' id='word_1_111' title='bbox 495 2136 635 2180; x_wconf 87' lang='lat' dir='ltr'><strong>facere</strong></span> <span class='ocrx_word' id='word_1_112' title='bbox 653 2169 665 2190; x_wconf 91' lang='lat'><em>‚</em></span> <span class='ocrx_word' id='word_1_113' title='bbox 700 2149 939 2195; x_wconf 83' lang='lat' dir='ltr'><strong>perversum</strong></span> <span class='ocrx_word' id='word_1_114' title='bbox 970 2133 1115 2180; x_wconf 85' lang='lat' dir='ltr'><strong>fuerit.</strong></span> <span class='ocrx_word' id='word_1_115' title='bbox 1180 2132 1236 2177; x_wconf 81' lang='lat' dir='ltr'><strong>At</strong></span> <span class='ocrx_word' id='word_1_116' title='bbox 1259 2139 1357 2176; x_wconf 72' lang='lat' dir='ltr'><strong>vero</strong></span> <span class='ocrx_word' id='word_1_117' title='bbox 1389 2148 1493 2176; x_wconf 83' lang='lat' dir='ltr'><strong>cau-</strong></span> 
     </span>
    </p>
   </div>
   <div class='ocr_carea' id='block_1_3' title="bbox 213 2235 1495 2297">
    <p class='ocr_par' dir='ltr' id='par_1_3' title="bbox 213 2235 1495 2297">
     <span class='ocr_line' id='line_1_19' title="bbox 213 2235 1495 2297; baseline 0.002 -19"><span class='ocrx_word' id='word_1_118' title='bbox 213 2251 293 2279; x_wconf 88' lang='lat' dir='ltr'><strong>»sa</strong></span> <span class='ocrx_word' id='word_1_119' title='bbox 310 2268 321 2289; x_wconf 93' lang='lat'><em>,</em></span> <span class='ocrx_word' id='word_1_120' title='bbox 356 2236 527 2295; x_wconf 86' lang='lat' dir='ltr'><strong>inquit,</strong></span> <span class='ocrx_word' id='word_1_121' title='bbox 559 2251 654 2279; x_wconf 88' lang='lat' dir='ltr'><strong>meo</strong></span> <span class='ocrx_word' id='word_1_122' title='bbox 672 2235 837 2295; x_wconf 87' lang='lat' dir='ltr'><strong>judicio</strong></span> <span class='ocrx_word' id='word_1_123' title='bbox 866 2236 972 2281; x_wconf 89' lang='lat' dir='ltr'><strong>haec</strong></span> <span class='ocrx_word' id='word_1_124' title='bbox 1000 2245 1087 2282; x_wconf 91' lang='lat' dir='ltr'><strong>est:</strong></span> <span class='ocrx_word' id='word_1_125' title='bbox 1124 2235 1283 2280; x_wconf 84' lang='lat' dir='ltr'><strong>nullam</strong></span> <span class='ocrx_word' id='word_1_126' title='bbox 1309 2238 1495 2297; x_wconf 87' lang='lat' dir='ltr'><strong>reperire</strong></span> 
     </span>
    </p>
   </div>
   <div class='ocr_carea' id='block_1_4' title="bbox 208 2396 1501 2721">
    <p class='ocr_par' dir='ltr' id='par_1_4' title="bbox 208 2396 1501 2656">
     <span class='ocr_line' id='line_1_20' title="bbox 210 2396 1493 2452; baseline 0.005 -18"><span class='ocrx_word' id='word_1_127' title='bbox 210 2396 424 2434; x_wconf 81' lang='lat' dir='ltr'><strong>Pausaniam</strong></span> <span class='ocrx_word' id='word_1_128' title='bbox 461 2397 608 2445; x_wconf 82' lang='lat' dir='ltr'><strong>Aegium</strong></span> <span class='ocrx_word' id='word_1_129' title='bbox 647 2407 684 2436; x_wconf 89' lang='lat' dir='ltr'><strong>et</strong></span> <span class='ocrx_word' id='word_1_130' title='bbox 717 2399 846 2438; x_wconf 85' lang='lat' dir='ltr'><strong>Patrae</strong></span> <span class='ocrx_word' id='word_1_131' title='bbox 883 2413 954 2437; x_wconf 92' lang='lat' dir='ltr'><strong>non</strong></span> <span class='ocrx_word' id='word_1_132' title='bbox 992 2401 1243 2445; x_wconf 81' lang='lat' dir='ltr'><strong>inveniuntur,</strong></span> <span class='ocrx_word' id='word_1_133' title='bbox 1283 2400 1320 2439; x_wconf 87' lang='lat' dir='ltr'><strong>in</strong></span> <span class='ocrx_word' id='word_1_134' title='bbox 1347 2417 1493 2452; x_wconf 87' lang='lat' dir='ltr'><strong>quorum</strong></span> 
     </span>
     <span class='ocr_line' id='line_1_21' title="bbox 208 2467 1496 2520; baseline 0.006 -18"><span class='ocrx_word' id='word_1_135' title='bbox 208 2467 325 2503; x_wconf 85' lang='lat' dir='ltr'><strong>locum</strong></span> <span class='ocrx_word' id='word_1_136' title='bbox 352 2476 598 2504; x_wconf 86' lang='lat' dir='ltr'><strong>successerunt</strong></span> <span class='ocrx_word' id='word_1_137' title='bbox 622 2469 754 2505; x_wconf 88' lang='lat' dir='ltr'><strong>Easion</strong></span> <span class='ocrx_word' id='word_1_138' title='bbox 779 2479 815 2506; x_wconf 85' lang='lat' dir='ltr'><strong>et</strong></span> <span class='ocrx_word' id='word_1_139' title='bbox 838 2470 1025 2518; x_wconf 81' lang='lat' dir='ltr'><strong>Cecyrina.</strong></span> <span class='ocrx_word' id='word_1_140' title='bbox 1061 2471 1162 2519; x_wconf 80' lang='lat' dir='ltr'><strong>Apud</strong></span> <span class='ocrx_word' id='word_1_141' title='bbox 1186 2471 1373 2520; x_wconf 87' lang='lat' dir='ltr'><strong>Polybium</strong></span> <span class='ocrx_word' id='word_1_142' title='bbox 1399 2475 1496 2510; x_wconf 84' lang='lat' dir='ltr'><strong>desi-</strong></span> 
     </span>
     <span class='ocr_line' id='line_1_22' title="bbox 209 2536 1501 2586; baseline 0.006 -13"><span class='ocrx_word' id='word_1_143' title='bbox 209 2536 381 2574; x_wconf 82' lang='lat' dir='ltr'><strong>derantur</strong></span> <span class='ocrx_word' id='word_1_144' title='bbox 405 2537 518 2584; x_wconf 83' lang='lat' dir='ltr'><strong>Aegae</strong></span> <span class='ocrx_word' id='word_1_145' title='bbox 543 2546 579 2574; x_wconf 87' lang='lat' dir='ltr'><strong>et</strong></span> <span class='ocrx_word' id='word_1_146' title='bbox 606 2537 774 2586; x_wconf 80' lang='lat' dir='ltr'><strong>Rhypes3</strong></span> <span class='ocrx_word' id='word_1_147' title='bbox 811 2548 1053 2579; x_wconf 87' lang='lat' dir='ltr'><strong>memorantur</strong></span> <span class='ocrx_word' id='word_1_148' title='bbox 1092 2550 1208 2579; x_wconf 87' lang='lat' dir='ltr'><strong>autem</strong></span> <span class='ocrx_word' id='word_1_149' title='bbox 1248 2542 1435 2581; x_wconf 81' lang='lat' dir='ltr'><strong>Leontium</strong></span> <span class='ocrx_word' id='word_1_150' title='bbox 1463 2550 1501 2581; x_wconf 83' lang='lat' dir='ltr'><strong>et</strong></span> 
     </span>
     <span class='ocr_line' id='line_1_23' title="bbox 209 2608 378 2656; baseline -0.012 -12"><span class='ocrx_word' id='word_1_151' title='bbox 209 2608 378 2656; x_wconf 84' lang='lat' dir='ltr'><strong>Cerynia.</strong></span> 
     </span>
    </p>

    <p class='ocr_par' dir='ltr' id='par_1_5' title="bbox 255 2675 850 2721">
     <span class='ocr_line' id='line_1_24' title="bbox 255 2675 850 2721; baseline 0.003 -7"><span class='ocrx_word' id='word_1_152' title='bbox 255 2684 286 2721; x_wconf 80' lang='grc'><strong>’1)</strong></span> <span class='ocrx_word' id='word_1_153' title='bbox 337 2675 562 2715; x_wconf 83' lang='lat' dir='ltr'><strong>Plutarchus.</strong></span> <span class='ocrx_word' id='word_1_154' title='bbox 590 2677 635 2715; x_wconf 89' lang='lat' dir='ltr'><strong>V.</strong></span> <span class='ocrx_word' id='word_1_155' title='bbox 661 2678 763 2715; x_wconf 89' lang='lat' dir='ltr'><strong>Arati</strong></span> <span class='ocrx_word' id='word_1_156' title='bbox 789 2678 850 2716; x_wconf 89' lang='lat' dir='ltr'><strong>IX.</strong></span> 
     </span>
    </p>
   </div>
  </div>
 </body>
</html>
