1630 3217
776 288 862 333 134

182 431 376 477 omnium
413 418 640 477 Plutarcho
682 430 917 477 adsentiens
963 448 1039 478 vox
1076 443 1166 481 est:
1215 434 1473 495 Macedoni,

183 534 296 587 avito
334 534 536 580 Graeciae
572 535 711 591 hosti,
747 536 927 582 Graecus
942 571 954 592 ,
1000 538 1267 585 illustrissimi
1291 540 1472 588 foederis

185 620 295 695 duit,
342 638 525 700 patriam
563 639 886 701 opprimendam
919 640 1052 689 dedit.
1117 642 1267 687 Fidem
1293 643 1473 705 popula-

186 741 304 787 ribus
343 742 533 788 debitam
550 778 562 798 ,
613 745 658 789 in
701 760 748 789 re
794 745 985 790 omnium
1024 746 1284 807 gravissima,
1331 749 1470 808 fregit.

188 846 281 903 Quo
307 847 512 891 sanctiora
541 846 702 906 patriae
729 856 772 892 et
800 847 1008 894 libertatis
1031 850 1203 893 nomina
1222 883 1233 904 ‚
1266 865 1316 894 eo
1341 849 1477 910 magis

186 946 436 1009 culpandus.
504 949 683 994 Minime
728 947 810 994 hoc
846 950 892 993 in
922 948 1016 996 loco
1043 951 1353 996 subsistendum
1378 967 1477 997 cen-

187 1064 257 1094 seo
272 1083 285 1104 ,
309 1049 382 1094 sed
395 1050 684 1111 maximopere
701 1049 929 1095 dolendum
947 1084 960 1105 ,
978 1051 1093 1113 quod
1111 1085 1123 1106 ,
1149 1067 1233 1113 quo
1249 1058 1440 1114 tempore
1457 1089 1471 1109 ‚

184 1149 286 1194 inde
302 1166 325 1194 a
341 1150 540 1212 Philippo
554 1186 566 1205 ,
593 1153 802 1210 Amyntae
817 1153 931 1205 filio,
960 1154 1272 1214 recuperandae
1286 1155 1475 1198 libertati

171 1253 359 1299 ‘nullum
389 1254 558 1300 Graecis
600 1232 880 1317 opportunius
923 1255 1035 1310 fuit,
1069 1271 1118 1300 eo
1146 1256 1236 1317 ipso
1267 1253 1476 1316 Pelopon-

186 1371 336 1400 nesum
354 1389 368 1410 ‚
429 1356 674 1417 principum
720 1357 907 1401 virorum
941 1346 1156 1402 'discordia
1208 1357 1475 1402 dilaceratam

186 1461 472 1522 traditamque
515 1460 627 1505 hosti
670 1463 968 1521 comperimus,
1033 1493 1064 1514 ‚,
1079 1461 1307 1521 Nunquam
1322 1468 1368 1514 ‚''
1416 1463 1475 1505 ait

185 1573 362 1617 auctor,
409 1564 462 1608 de
503 1563 680 1624 Spartae
719 1564 844 1607 rebus
880 1563 1170 1608 meritissimus
1190 1598 1203 1619 ,
1250 1564 1390 1618 „inde
1420 1566 1479 1609 ab

184 1664 299 1708 illius
323 1664 432 1724 regis
463 1673 598 1709 aetate
615 1699 628 1719 ,
661 1664 910 1709 Macedones
937 1665 1024 1710 vim
1051 1681 1168 1709 suam
1191 1665 1236 1708 in
1258 1665 1473 1726 Pelopon-

186 1782 287 1812 neso
316 1775 405 1812 tam
431 1767 559 1829 plane
586 1768 843 1822 amiserant3
887 1782 1107 1828 nunquam
1145 1782 1297 1828 parvae
1326 1767 1474 1812 civita-

189 1881 250 1918 tes
266 1906 279 1926 ,
316 1879 359 1917 et
401 1871 456 1916 ad
487 1887 558 1916 sua
575 1905 589 1926 ,
623 1879 665 1916 et
694 1870 747 1915 ad
774 1869 912 1914 aliena
938 1871 1031 1930 jura
1057 1869 1241 1925 tuenda,
1271 1869 1477 1932 ampliore

186 1990 363 2020 numero
404 1976 666 2020 consociatae
707 1975 906 2029 fuerant3
954 1991 1173 2035 nunquam
1209 1975 1291 2019 viri
1330 1991 1472 2020 rerum

190 2077 381 2123 civilium
405 2076 627 2138 peritiores
643 2110 656 2131 ‚
698 2075 802 2125 belli
831 2076 955 2120 duces
982 2076 1117 2136 magis
1153 2066 1315 2121 strenui
1337 2077 1473 2137 impe-

190 2179 304 2224 rium
328 2188 536 2240 gesserant
575 2177 663 2226 1).”
732 2178 853 2238 Quod
878 2179 1005 2224 etiam
1030 2180 1200 2224 sensisse
1225 2177 1474 2224 Plutarchus

190 2281 387 2336 videtur,
422 2298 553 2343 quum
584 2282 629 2327 in
657 2283 743 2327 vita
775 2282 1038 2337 Cleomenis,
1072 2283 1211 2344 capite
1234 2282 1381 2330 XV10.
1411 2282 1471 2328 sic

191 2386 423 2431 scriberet:
467 2389 590 2429 τοῦτο
621 2385 898 2442 διελυμήνατο
926 2388 981 2431 τὰ
1013 2391 1239 2456 πρᾴγματα
1267 2392 1339 2444 τῆς
1368 2387 1473 2432 Ἕλ-

192 2492 318 2542 λάδος
357 2490 610 2548 ἀμωσγέπως
633 2492 678 2534 ἐκ
705 2492 793 2536 τῶν
818 2493 1039 2550 παρόντων
1068 2490 1302 2551 ἀναλαβεῖν
1340 2491 1473 2544 αὐτὴν

241 2638 274 2673 1)
322 2631 446 2670 Mauso
469 2632 495 2679 1,
522 2633 587 2670 VI.
611 2646 647 2681 p.
671 2635 755 2671 362.
