1630 3217
798 300 881 343 166

194 438 338 483 εῐὶῐιιῐῖι
391 438 455 494 ¹),
497 440 640 499 paucis
687 440 834 485 diebus
895 441 1035 502 copias
1089 457 1139 486 ex
1168 443 1272 488 urbe
1310 442 1456 487 eduxit
1475 465 1489 484 5

194 556 291 585 cum
318 542 573 587 >nuntiatum
615 543 655 587 ei
698 543 866 596 fuisset,
915 543 1083 602 Illyrios
1122 543 1168 587 in
1192 544 1488 590 Macedoniam

194 646 393 705 ingressos
415 661 535 706 agere
564 655 606 690 et
630 646 740 691 ferre
767 646 922 693 omnia.
968 645 1112 690 Rebus
1138 644 1268 706 igitur
1298 647 1343 691 in
1355 646 1486 692 Pelo-

193 764 379 809 ponneso
400 749 648 795 festinanter
679 750 923 810 compositis
948 749 1000 793 ad
1032 763 1266 810 pacemque
1298 764 1487 795 commu-

194 866 292 896 nem
318 851 499 896 redactis
535 853 601 905 2),
636 860 678 895 et
707 853 902 896 universo
930 850 1199 896 Achaeorum
1212 851 1413 905 decreto,
1446 862 1488 896 et

192 971 217 998 a
252 956 426 1015 singulis
472 955 715 999 civitatibus
758 955 930 1000 summis
957 953 1196 999 cumulatus
1225 954 1455 1000 honoribus
1473 990 1484 1011 ‚

193 1061 236 1105 in
281 1060 575 1109 Macedoniam
610 1060 740 1106 rediit
765 1060 912 1121 ibique
932 1072 1018 1105 non
1047 1056 1183 1103 multo
1210 1065 1305 1118 post
1334 1059 1486 1103 morbo

192 1162 420 1209 exstinctus
450 1173 528 1211 est.

255 1268 411 1313 Patruo
434 1267 478 1311 in
503 1281 681 1328 regnum
701 1266 896 1313 successit
921 1264 1170 1328 Philippus,
1206 1264 1412 1311 Demetrii
1429 1265 1487 1309 fi-

192 1370 275 1415 lius
292 1404 305 1424 ,
340 1369 445 1415 alter
470 1369 597 1430 hujus
623 1347 805 1414 nominis
824 1402 836 1421 ,
870 1370 947 1414 sub
976 1371 1094 1429 cujus
1123 1370 1305 1431 imperio
1333 1368 1488 1413 deinde

190 1490 256 1520 res
281 1474 564 1521 Macedonum
581 1508 594 1529 ,
629 1475 919 1519 Romanorum
948 1473 1076 1518 armis
1102 1471 1321 1529 Orientem
1349 1486 1489 1517 versus

193 1578 543 1625 invalescentibus
563 1613 576 1633 ,
623 1587 711 1624 tam
748 1579 900 1624 misere
933 1578 1121 1625 afflictae
1161 1586 1275 1625 sunt.
1351 1576 1485 1623 Nobis

193 1691 335 1726 autem
351 1717 364 1737 ‚
397 1683 532 1743 qualis
550 1684 640 1743 ejus
668 1684 713 1726 in
735 1684 860 1727 rebus
888 1684 1167 1743 Peloponnesi
1195 1683 1256 1726 vis
1279 1689 1321 1724 et
1348 1682 1489 1725 effica-

192 1787 325 1841 citas,
357 1801 435 1845 per
463 1784 570 1848 illud
596 1786 778 1829 maxime
805 1793 969 1846 tempus
1015 1787 1175 1839 fuerit,
1210 1785 1349 1846 quoad
1385 1785 1487 1835 vixit

190 1890 361 1942 Aratus,
386 1896 429 1932 et
453 1887 556 1933 huic
583 1889 753 1950 qualem
781 1906 825 1933 se
842 1890 1130 1949 praestiterit,
1167 1889 1362 1949 inprimis
1379 1904 1486 1933 con-

192 1991 461 2035 siderandum
500 1992 596 2036 erit.
663 1992 896 2051 Antigonus
925 1993 1054 2052 igitur
1082 2008 1260 2052 regnum
1278 2027 1289 2046 ‚
1324 1992 1480 2037 tutelae

193 2099 365 2144 nomine
382 2133 394 2153 ,
434 2115 511 2160 pro
557 2097 758 2159 Philippo
777 2133 790 2154 ,
825 2098 988 2145 obierat
1018 2092 1228 2160 sapienter
1259 2097 1486 2159 ipsumque

190 2217 370 2263 puerum
399 2202 613 2262 praeclare
641 2212 820 2258 rexerat,
849 2213 921 2257 et,
954 2218 1055 2248 eum
1080 2211 1316 2248 moreretur
1332 2202 1487 2257 ‚rebus

194 2305 389 2348 omnibus
415 2306 459 2347 in
487 2306 676 2349 futurum
703 2306 906 2367 prudenti
936 2316 1201 2368 prospexerat
1213 2305 1386 2351 consilio
1424 2305 1477 2350 ³).

243 2462 273 2494 1)
321 2449 448 2497 Polyb.
473 2451 524 2487 II.
552 2452 612 2488 70.
638 2454 682 2486 τό
708 2467 750 2487 τε
774 2453 986 2496 πολίτευμα
1012 2454 1055 2487 τὸ
1078 2454 1233 2499 πάτριον
1261 2451 1389 2488 αὐτοῖς
1416 2460 1483 2482 κα·

192 2522 364 2564 ταςὴσας·
393 2519 476 2556 coll.
504 2519 548 2555 V.
575 2524 609 2561 9.
639 2528 674 2555 et
700 2518 759 2554 lx.
787 2520 846 2555 36.

240 2586 273 2620 2)
322 2586 389 2623 lv,
416 2589 452 2622 3.

238 2654 270 2687 ³>
318 2655 384 2692 lv.
411 2656 469 2702 87,
