1630 3217
782 248 841 290 22

175 395 505 453 tyrannicidium
549 396 733 457 cogitare
762 394 976 443 videretur
1013 397 1065 457 ¹).
1131 394 1210 439 Vix
1239 394 1292 439 de
1319 396 1446 441 Arato

165 499 287 545 aliter
315 501 585 547 censendum.

226 602 398 648 Accidit
426 604 605 657 interea,
642 612 689 648 ut
719 603 930 649 Abantida
947 637 960 657 ‚
976 605 1150 665 ejusque
1168 613 1290 665 patre
1303 604 1447 660 Pasea,

166 707 242 766 qui
269 704 534 766 tyrannidem
550 706 748 767 deinceps
771 707 1034 752 affectaverat
1048 740 1062 761 ‚
1090 721 1166 767 per
1195 707 1364 752 insidias
1394 708 1448 752 de

166 808 308 853 medio
328 808 502 854 sublatis
521 844 533 864 ,
566 808 759 856 Nicocles
777 844 789 864 ,
820 810 948 855 homo
976 824 1186 871 nequam,
1220 808 1446 869 Sicyonio-

164 926 262 958 rum
301 929 343 958 se
383 921 608 973 tyrannum
647 913 920 982 constitueret
971 916 1024 975 ¹).
1090 915 1261 958 Annum
1297 912 1448 958 Aratus

166 1017 317 1077 agebat
354 1017 617 1062 vicesimum.
680 1017 754 1061 Etr
776 1026 948 1077 propter
985 1015 1147 1076 generis
1180 1017 1446 1062 nobilitatem

167 1120 385 1180 animique
409 1118 745 1180 magnitudinem
760 1128 814 1164 et.
837 1128 1010 1181 propter
1038 1119 1280 1179 gravitatem
1306 1134 1449 1180 quan-

169 1221 269 1265 dam
290 1230 430 1284 ,atque
467 1221 762 1280 prudentiam,
796 1236 906 1280 quae
934 1223 1229 1279 ejus.aetatem
1251 1236 1452 1282 *superare

168 1325 420 1370 videbantur
438 1360 449 1379 ,
497 1326 541 1369 in
568 1341 719 1387 magna
731 1327 823 1386 jam
851 1325 1099 1377 auctoritate
1126 1341 1212 1371 esse
1242 1334 1457 1385 coeperat,-

170 1430 285 1475 Hinc
327 1431 516 1484 factum,
562 1439 610 1474 ut
654 1430 792 1475 exules
820 1430 1010 1491 Sicyonii
1034 1430 1452 1479 adzeumzmax-ime

169 1533 357 1576 animum
379 1531 641 1577 adverterent
656 1564 669 1587 ,
685 1548 824 1594 eoque
839 1533 1105 1593 potissimum
1115 1561 1117 1567 ,
1129 1533 1238 1577 duce
1249 1533 1378 1580 ,eritas
1388 1549 1451 1581 se-

170 1636 243 1679 des
268 1651 309 1679 se
327 1632 645 1695 recuperaturus
667 1633 896 1695 sperarent.
941 1635 1091 1695 Neque
1119 1635 1247 1679 etiam
1261 1635 1453 1679 Nicocles

171 1754 220 1782 ea
258 1753 366 1798 quae
410 1738 664 1799 gerebantur
706 1737 943 1800 negligebat
953 1757 967 1785 -:
987 1757 990 1773 ³
1014 1738 1086 1784 sed
1126 1739 1250 1785 -Arati
1269 1748 1454 1805 „conatus

173 1841 338 1885 occulte
373 1841 681 1900 speculabatur.
753 1841 1155 1903 Facinusi‘quidem'
1189 1853 1275 1888 tam
1319 1843 1451 1889 audax

225 2105 258 2139 ι)
304 2093 402 2129 Ριιη.
426 2097 464 2128 in
490 2095 532 2129 V.
556 2095 670 2128 Bruti
689 2094 842 2128 XXIV.

223 2176 257 2209 2)
280 2163 335 2200 De
349 2165 498 2210 Sicyone
513 2163 639 2200 Strabo
653 2162 756 2199 VIII.
771 2166 807 2199 6.
842 2146 1110 2209 Ἐτυραννήθη
1133 2164 1281 2203 πλεῖςον
1308 2165 1451 2210 χρόνω·

174 2232 257 2268 ἀλλ’
280 2234 341 2267 ἀεὶ
364 2233 450 2272 τοὺς
474 2233 671 2279 τυράννους
694 2233 867 2270 ἐπιεικεῖς
890 2231 1027 2277 ἄνδρας
1051 2230 1173 2276 ἔσχεν.
1193 2230 1312 2277 Ipsum
1337 2237 1454 2265 tamen

175 2303 268 2338 hunc
290 2301 471 2338 Nicoclem
487 2326 496 2343 ‚
523 2313 627 2348 quem
651 2301 779 2337 Aratus
795 2298 929 2346 expulit
943 2324 952 2341 ‚
979 2298 1102 2336 multis
1121 2298 1223 2335 malis
1248 2299 1370 2335 urbem
1397 2299 1453 2335 af-

177 2374 267 2409 cisse
289 2372 501 2411 Plutarchus
527 2370 694 2408 affirmat.
738 2370 923 2417 Subiungit
948 2370 1097 2407 Str-ahot
1130 2366 1297 2418 Ἀρατον
1322 2369 1453 2405 δ’ἐπι-

176 2446 382 2486 φανέςατον
418 2457 468 2481 sc.
505 2445 697 2492 τύραννον
734 2443 777 2479 ad
803 2455 905 2489 quem
944 2440 1059 2476 locum
1094 2441 1172 2486 jure
1205 2439 1454 2476 casaubonus:

179 2514 352 2551 »Aratum
386 2514 417 2549 si
451 2525 573 2549 revera
596 2513 633 2548 in
659 2520 889 2559 tyrannorum
913 2510 992 2547 albo
1013 2510 1248 2558 reponendum
1276 2523 1349 2547 esse
1373 2523 1455 2547 sen-

179 2583 271 2625 »sit‚
298 2593 459 2628 magnam
486 2582 519 2617 ei
544 2581 710 2625 injuriam
736 2580 865 2616 facit.'’
