1630 3217
791 307 876 349 133

190 460 381 515 putaret,
424 451 504 495 sibi
522 483 533 504 ‚
580 449 655 510 qui
690 461 765 507 per
807 444 958 507 viginti
987 453 1069 488 tres
1102 459 1232 489 annos
1249 476 1262 497 ,
1308 442 1466 504 primas

190 557 385 601 tenuisset
415 553 579 614 partes,
606 552 805 611 juvenem
823 585 836 605 ,
870 550 1008 595 subito
1042 558 1232 594 exortum
1247 584 1258 604 ,
1290 551 1464 611 gloriam

190 657 315 702 simul
350 655 668 715 potentiamque
714 653 878 713 eripere
906 632 1217 714 imperiumque
1247 670 1269 697 a
1298 669 1340 698 se
1363 669 1463 699 auc-

190 767 281 803 tum
312 766 354 802 et
382 756 544 802 tamdiu
582 735 832 817 occupatum
872 764 1058 800 evertere
1077 790 1103 811 ,.
1135 771 1295 800 mazam
1335 757 1463 800 etiam

188 860 350 919 fugiens
373 867 415 902 et
444 856 620 918 pallium
649 867 691 902 et
717 858 990 919 pecuniarum
1017 858 1271 902 divisionem·
1305 873 1463 919 paupe-

186 979 367 1025 rumque
409 964 662 1009 sublevatam
706 963 921 1023 inopiam,
958 961 1218 1017 diademati,
1250 975 1464 1022 purpurae

186 1065 549 1126 Macedonicisque
588 1075 631 1110 et
673 1067 886 1127 satrapicis
927 1067 1134 1112 mandatis
1164 1082 1206 1110 se
1236 1064 1463 1111 Achaiam-

186 1185 270 1230 que
296 1170 493 1230 subjicit,
527 1170 656 1213 immo
682 1169 907 1229 Antigonia
932 1170 1137 1215 sacrificat
1159 1178 1462 1230 coronatusque

184 1288 359 1334 paeanes
389 1274 502 1317 canit
529 1275 573 1316 in
609 1274 814 1318 honorem
839 1275 921 1317 viri
944 1276 1042 1319 tabe
1064 1274 1343 1334 putrescentis
1360 1307 1372 1326 ,
1416 1272 1462 1316 id

184 1391 307 1436 agens
324 1409 337 1429 ,
366 1391 420 1419 ne
445 1392 467 1418 a
501 1365 726 1421 Cleomene
754 1377 958 1437 imperata
978 1379 1118 1423 facere
1131 1378 1370 1424 videatur.”
1402 1403 1462 1412 —

182 1480 278 1524 Post
307 1478 416 1523 hanc
438 1487 576 1522 autem
602 1480 697 1523 satis
725 1495 911 1541 asperam
936 1480 1329 1541 reprehensionem,
1361 1494 1457 1522 me-

181 1581 427 1626 morabilem
444 1615 456 1636 ,
489 1597 670 1642 quaeso,
709 1582 898 1626 attendas
934 1580 1172 1643 epilogum:
1226 1581 1338 1636 „sed
1381 1582 1460 1626 ista

176 1687 355 1747 'quidem
394 1702 479 1730 non
534 1687 654 1731 Arati
706 1687 929 1731 accusandi
969 1702 1091 1730 causa
1131 1685 1352 1730 scribimus
1394 1685 1459 1741 (in

180 1791 323 1835 multis
350 1791 464 1834 enim
496 1790 568 1834 hic
591 1790 654 1833 vir
685 1790 860 1834 Graecia
879 1789 1028 1849 dignus
1043 1803 1302 1850 magnusque
1329 1787 1429 1848 fuit)
1446 1823 1459 1845 ,

180 1888 252 1934 sed
310 1898 482 1934 naturae
541 1890 749 1955 humanae
810 1890 1073 1951 deplorantes
1127 1891 1418 1936 infirmitatem
1443 1926 1456 1946 ,

179 1993 345 2055 quando
389 2008 442 2037 ne
482 1992 525 2036 in
566 1999 652 2035 tam
680 1991 903 2053 praeclaris
946 1993 1126 2054 quidem·
1155 1994 1457 2057 insigniterque

179 2096 232 2139 ad
259 2096 456 2140 virtutem
492 2097 830 2157 aptis-ingeniis,
875 2098 1066 2157 proferre
1098 2099 1291 2159 aliquid,
1341 2101 1453 2161 quod

180 2198 295 2242 omni
336 2198 429 2243 labe
471 2199 757 2253 vacuum-sit,
789 2199 1017 2260 pulchrum
1042 2208 1229 2262 potest.''
1264 2231 1325 2239 --
1370 2204 1455 2249 Sed

178 2312 269 2343 rem
295 2302 527 2347 accuratius
553 2302 876 2349 consideremus.
915 2284 918 2287 Α

238 2396 302 2446 De
342 2405 444 2450 facti
488 2407 751 2468 turpitudine
768 2443 780 2463 ,
826 2408 860 2452 si
899 2418 1086 2455 auctores
1129 2409 1335 2465 consulis,
1380 2410 1457 2472 qui

179 2504 411 2549 recentiore
447 2485 582 2552 aetate
623 2510 787 2570 scriptis
830 2512 913 2557 suis
948 2528 1012 2557 res
1062 2512 1326 2558 Achaeorum
1364 2528 1451 2557 arn-

182 2608 293 2669 plexi
321 2618 447 2662 sunt,
495 2621 699 2671 quantum
737 2614 844 2660 mihi
888 2614 1060 2677 quidem
1107 2615 1319 2672 innotuit,
1369 2628 1452 2660 una
