1630 3217
771 306 856 350 254

171 446 359 496 cundum
396 446 613 495 Platonem
631 455 653 504 ,“
690 450 851 496 mundo
890 461 1030 498 creato
1060 469 1229 515 seseque
1261 455 1449 516 primum

168 571 338 600 movere
357 557 588 618 incipiente
604 591 617 612 ,
650 556 885 602 delectatus
897 557 1009 603 Deus
1023 558 1175 603 fueritt
1212 559 1270 605 ita
1286 559 1450 620 legisla-

169 670 305 730 torem
336 660 588 723 Spartanum
616 662 759 723 legum
787 678 955 709 suarum
963 680 1055 724 Jam
1069 664 1113 708 in
1129 662 1336 709 actionem
1351 680 1449 726 per-

168 740 394 810 ductarum
419 775 462 811 et
488 766 552 810 via
568 766 890 827 procedentium
904 768 1265 829 pulchritudinem
1295 769 1448 830 ampli-

168 870 448 937 tudinemque
465 903 479 925 ,
502 884 664 915 summo
680 884 778 914 cum
795 885 936 928 amore
953 906 966 926 ,
999 873 1250 921 demiratum
1264 875 1336 921 ait.
1367 872 1447 921 cui

169 973 395 1037 praeconio
408 974 535 1035 quid,
566 990 718 1035 quaeso
733 1008 746 1029 ,
775 975 828 1019 ad
845 974 973 1020 decus
984 974 1147 1037 insigne
1162 979 1260 1023 addi
1282 979 1410 1040 possit
1425 979 1450 1022 ’ἶ

229 1077 326 1124 Non
350 1077 476 1138 hujus
504 1068 589 1123 esse
612 1077 696 1122 loci
721 1078 904 1123 arbitror
919 1112 932 1133 ,
981 1078 1087 1124 haec
1113 1079 1331 1126 Plutarchi
1357 1098 1452 1128 sen-

127 1178 129 1180 ’
167 1185 301 1229 tentia
344 1184 495 1229 satisne
546 1159 680 1229 firmo
718 1185 877 1229 nitatur
921 1186 1194 1231 fundamento
1236 1187 1453 1248 explorare

168 1289 371 1340 ulterius,
417 1303 556 1349 neque
586 1289 718 1333 etiam
750 1289 796 1333 in
824 1303 972 1334 eorum
1001 1290 1215 1350 inquirere
1237 1290 1451 1349 judicium

171 1394 248 1454 qui
285 1393 468 1437 nimium
507 1393 548 1436 ei
580 1408 677 1452 erga
708 1392 1060 1438 Lacedaemonios
1094 1406 1345 1453 propensam
1378 1408 1451 1436 vo-

168 1498 374 1542 luntatem
400 1497 611 1558 hujusque
633 1497 768 1557 gentis
789 1510 931 1540 rerum
960 1495 1240 1540 ornandarum
1265 1495 1451 1540 studium

167 1602 382 1661 imputent
419 1597 473 1644 ¹).
539 1598 666 1643 Modo
711 1614 761 1643 ex
800 1597 903 1643 locis
931 1598 1068 1642 allatis
1093 1606 1261 1659 pateat,
1311 1598 1453 1643 laudes

168 1704 259 1747 illas
279 1705 325 1747 in
353 1703 615 1762 Lycurgeam
642 1703 849 1746 rationem
872 1703 1042 1761 largiter
1065 1703 1252 1762 profusas
1271 1736 1282 1754 ‚
1317 1718 1450 1761 quan-

166 1814 314 1866 topere
343 1803 580 1850 redundare
606 1804 651 1847 in
680 1802 802 1846 illum
842 1802 1094 1856 debuerint,
1139 1803 1214 1863 qui
1255 1818 1450 1848 revocare

167 1909 360 1970 antiquos
403 1921 540 1951 mores
558 1941 570 1960 ,
619 1906 751 1966 leges,
800 1906 990 1951 instituta
1007 1940 1019 1958 ,
1057 1920 1217 1950 summa
1260 1921 1340 1967 ope
1368 1907 1450 1951 fuit

166 2015 374 2060 connisus.
438 2012 494 2056 At
533 2012 603 2056 cui
647 2011 884 2056 Cleomenis
918 2011 1141 2055 consilium
1173 2010 1350 2055 maxime
1377 2026 1453 2054 ar-

165 2117 288 2170 risit,
336 2113 526 2176 placidus
554 2114 668 2158 idem
699 2113 973 2174 philosophus
991 2147 1006 2169 ,
1053 2112 1273 2158 abhorruit
1302 2130 1327 2156 a
1352 2113 1417 2156 via
1436 2147 1449 2166 ‚

167 2221 250 2281 qua
284 2217 546 2281 pergendum
592 2216 674 2261 sibi
710 2231 782 2262 rex
823 2216 1068 2261 fortissimus
1107 2216 1284 2261 censuit.
1348 2214 1451 2259 vio-

166 2323 322 2368 lentius
356 2338 452 2367 eum
488 2332 530 2366 et
557 2323 717 2366 ratione
758 2322 980 2365 temeraria
1009 2329 1137 2379 atque
1180 2319 1368 2373 crudeli›‚
1405 2320 1450 2362 in

219 2539 250 2575 1)
296 2530 420 2578 Heyne
456 2529 560 2573 Disp.
595 2528 635 2561 de
673 2527 944 2571 Spartanorum
982 2522 1162 2569 republica
1208 2525 1243 2556 et
1276 2520 1451 2555 institutis

167 2604 205 2635 in
243 2601 372 2634 Comm.
411 2600 491 2632 Soc.
529 2597 630 2630 Gb'tt.
673 2596 750 2631 Vol.
788 2594 866 2628 IX.
902 2593 949 2628 cs.
990 2592 1129 2627 Hceren
1168 2593 1204 2623 in
1242 2591 1384 2635 disquis.
1403 2588 1451 2621 de

163 2671 328 2716 fontibus
355 2669 398 2704 V.
423 2670 567 2713 Lycurq
574 2669 596 2701 i.
