1630 3217
746 260 829 303 189

742 402 850 447 III.

211 573 429 618 Foederis
454 571 651 616 Achaici
676 570 932 612 institutum
949 598 962 618 ,
994 566 1155 624 quippe
1183 576 1301 606 mere
1303 560 1429 623 poli-

147 660 282 699 ticum
301 688 313 708 ,
359 668 445 698 uon
489 650 705 710 conflandi
730 642 854 693 debet
878 662 973 691 cum
988 646 1253 706 foederibus
1285 646 1427 691 Grae-

147 753 295 780 corum
324 730 719 798 Amphietz'onieis-

691 894 694 897 ⁴
734 896 822 941 IV
821 929 833 943 .

209 1064 451 1108 Orationes
488 1062 644 1108 Aetola·
685 1068 815 1119 atque
844 1062 1140 1116 Acarnanis,
1170 1076 1280 1119 quae
1307 1062 1425 1120 refe-

146 1154 309 1190 runtur
336 1164 366 1189 a
396 1145 585 1204 Polybio
616 1146 648 1189 l.
686 1144 785 1190 IX.
809 1161 848 1190 e.
879 1145 1031 1188 938-40
1048 1177 1061 1196 ,
1089 1145 1267 1204 duplici
1279 1147 1427 1188 mazi-

145 1245 212 1272 me
236 1232 408 1272 nomine
432 1227 735 1271 memorabiles
764 1225 991 1269 habendae
1015 1231 1119 1269 sunt
1134 1241 1149 1268 .·
1178 1226 1266 1268 illa
1285 1259 1297 1278 ,
1314 1223 1431 1284 quod

145 1313 326 1371 aperire
354 1312 563 1369 apprime
589 1310 767 1352 videtur
785 1342 798 1362 ,
830 1311 978 1366 qualis
1008 1309 1235 1369 Antigoni
1256 1308 1428 1352 Doson-

145 1394 207 1434 tis
225 1405 246 1445 ,'
260 1394 307 1434 in
321 1391 627 1435 sustentandis
642 1398 799 1435 contra
814 1391 1190 1435 Lacedaemonios
1203 1379 1426 1447 Achaeis,

149 1488 270 1515 mens
290 1473 444 1530 fuerit
462 1488 477 1523 ,·
510 1473 619 1516 haee
635 1506 647 1525 ‚
678 1477 781 1529 quia
811 1472 1123 1516 calamitatum
1142 1506 1153 1525 ,
1193 1472 1432 1517 Graecisa

145 1555 444 1600 Romanorum
470 1557 661 1615 imperio
684 1556 1005 1598 imminentium
1019 1588 1031 1608 ‚
1054 1557 1334 1598 verissimum
1345 1570 1424 1598 va-

143 1639 348 1680 tim'nium
376 1636 563 1680 exhibet.

764 1760 817 1802 V
1136 1739 1158 1756 0·

816 1794 829 1808 .

205 1881 365 1926 Minus
390 1888 518 1925 reete·
533 1882 766 1939 Bayerus‚
793 1886 842 1926 in
862 1885 1014 1942 fastis
1058 1884 1277 1929 Achaicis
1313 1885 1422 1929 illu-

144 1966 329 2016 stratis,
358 1965 660 2015 ἅκατάπαυςον
688 1967 844 2024 ἀρχήν,
876 1967 931 2011 de
969 1971 1243 2012 continuatis
1278 1968 1423 2014 Arati

144 2044 389 2090 Praeturis
416 2046 653 2107 intelligit.
689 2048 788 2107 (Cf.
805 2048 933 2097 Plut.
951 2053 1000 2094 in
1015 2050 1079 2096 V.
1095 2052 1241 2097 Arati
1266 2068 1305 2099 c.
1327 2053 1423 2112 26).

734 2213 830 2260 VI.

202 2352 262 2397 In
290 2353 536 2399 Plutarchi
562 2360 740 2401 meritis
769 2361 858 2402 rite
871 2360 1186 2413 aestimandis,
1211 2363 1424 2420 inprimis

140 2434 379 2479 cavendum
398 2438 402 2442 ’
421 2444 488 2480 est
506 2473 516 2491 ,
563 2454 617 2482 ne
644 2438 909 2500 Biographi
935 2447 977 2484 et
1008 2440 1244 2485 Historiei
1274 2441 1423 2501 officia

141 2518 487 2576 confundantur.
551 2520 612 2563 In
637 2537 805 2582 magna
835 2526 948 2566 enim
974 2526 1202 2581 utriusque
1229 2528 1426 2569 rationis

141 2599 438 2644 similitudine
460 2615 670 2662 magnum
698 2603 943 2648 discrimen
975 2605 1153 2652 obtinet.
