1630 3217
802 307 865 347 36

197 458 267 492 tus
307 447 575 492 facultatibus
617 447 669 490 ad
701 456 864 491 tantum
896 462 1047 491 munus
1077 446 1315 491 obeundum
1346 460 1483 489 acces—

200 555 327 605 serit,
363 554 407 595 in
431 561 602 613 promtu
630 560 842 611 appareat.

256 657 408 703 Aratus
434 658 561 717 igitur
576 690 587 710 ,
622 664 727 700 teste
752 654 959 713 Polybio„
996 655 1050 698 ad
1073 670 1138 699 res
1161 654 1351 714 inprimis
1374 653 1482 698 civi-

191 761 252 804 les
290 760 490 820 gerendas
532 758 914 819 capessendamque
959 759 1268 817 rempublicam
1295 758 1486 801 omnibus

193 865 381 908 numeris
408 863 619 908 absolutus
635 863 745 907 fuit:
782 862 937 910 τέλειος
968 862 1073 918 ἀνὴρ
1105 864 1160 911 εἷς
1190 864 1263 905 τὸν
1295 877 1488 917 πραγμα-

195 969 315 1011 τικὸν
329 967 493 1023 τρόπον’
511 981 524 1008 .·
539 964 657 1023 cujus
667 962 846 1006 eximiae
856 979 965 1008 fsaae
980 964 1115 1008 laudis
1128 979 1192 1008 res
1206 963 1485 1017 Achaeorum,

195 1085 221 1111 a
250 1067 433 1128 parvulis
473 1066 604 1112 initiis
635 1067 688 1110 ad
715 1082 920 1112 summam
945 1066 1131 1127 perlatae
1159 1069 1393 1127 potentiam
1418 1076 1487 1112 at-

197 1188 281 1234 que
308 1171 637 1233 amplitudinem
654 1205 667 1226 ,
693 1171 1014 1231 locupletissimi
1041 1187 1161 1214 omne
1176 1171 1220 1214 in
1233 1186 1381 1216 aevum
1405 1179 1487 1215 tes-

198 1285 260 1320 tes
298 1285 407 1320 sunt.
474 1276 597 1320 Illam
634 1284 778 1319 autem
817 1285 865 1319 ut
903 1276 1131 1335 attingeret
1166 1275 1455 1319 excellentiam
1475 1308 1487 1327 ‚

199 1378 314 1423 hisce
346 1378 541 1438 inprimis
559 1412 571 1431 ,
606 1379 757 1422 eodem
785 1387 957 1423 auctore
976 1414 988 1432 ,
1022 1380 1188 1438 adjutus
1216 1379 1373 1438 ingenii
1401 1377 1491 1421 ani-

195 1479 345 1539 mique
373 1480 597 1524 virtutibus
619 1481 717 1525 fuit.
781 1481 997 1525 Nimirum
1029 1490 1070 1524 et
1096 1483 1328 1541 excogitare
1351 1481 1488 1525 consi-

193 1583 251 1627 lia
298 1582 564 1627 solertissime
608 1592 650 1627 et
694 1582 875 1645 cogitata
902 1598 1096 1644 premere
1139 1583 1221 1627 alta
1247 1592 1388 1627 mente
1424 1599 1490 1632 re-

197 1661 370 1732 condita
389 1722 401 1742 ,
432 1697 502 1742 et,
550 1689 625 1732 ubi
667 1705 771 1749 opus
793 1688 930 1742 foret,
964 1703 1078 1733 sensa
1104 1689 1255 1733 mentis
1286 1688 1491 1750 explicare

198 1791 337 1834 verbis
373 1800 567 1851 poterat:
620 1794 693 1835 καὶ
724 1794 803 1849 γὰρ
835 1795 965 1836 εἰπεῖν
1009 1795 1081 1835 καὶ
1111 1792 1395 1849 διανοηθῆναι
1422 1796 1493 1837 καὶ

197 1895 317 1946 ςέξαι
344 1897 391 1940 τὸ
419 1898 576 1961 κριθὲνχ
599 1896 779 1946 δυνατός
817 1897 871 1942 ¹).
934 1896 1214 1940 Dissensiones
1242 1896 1381 1939 civiles
1423 1897 1491 1939 fe-

195 1999 313 2042 rebat
345 1998 526 2052 leniter;
564 1994 611 2042 in'
637 1998 782 2043 amicis
810 1997 1017 2059 sociisque
1049 1998 1324 2042 conciliandis
1337 2014 1489 2042 secun-

197 2100 273 2144 dus
303 2101 466 2146 nemini
485 2110 600 2148 erat.
1019 2083 1021 2085 -

257 2203 461 2246 Bellicam
491 2205 579 2262 ejus
605 2205 808 2248 virtutem
841 2206 1073 2265 spectanti,
1123 2206 1157 2249 si
1185 2206 1322 2251 Marte
1350 2214 1493 2265 aperto

197 2315 303 2351 esset
345 2306 661 2351 decernendum
680 2341 692 2361 ‚
726 2308 916 2352 timidior
960 2308 1188 2370 apparebat
1228 2316 1270 2352 et
1296 2309 1488 2369 segnior3

201 2413 277 2456 ubi
315 2427 413 2456 vero
460 2402 625 2457 insidiis
667 2421 756 2456 erat
781 2411 910 2457 hostis
936 2412 1139 2472 petendus
1160 2446 1171 2466 ‚
1219 2413 1316 2457 urbs
1347 2413 1490 2457 furtim

254 2629 285 2660 ι)
335 2618 461 2666 Ροιςι),
488 2620 551 2655 1v.
578 2621 614 2656 8.
