1630 3217
786 292 872 338 178

188 455 267 500 ope
305 437 535 485 conabatur
553 470 564 491 ,
592 436 625 481 si
648 471 657 489 ‚
707 436 871 495 rejecto
899 437 1054 488 Arato,
1089 435 1170 481 suis
1199 433 1482 488 obsecundare

189 540 424 587 rationibus
450 539 604 592 vellet,
641 546 740 584 tuno
773 537 946 584 demum
978 552 1073 583 eum
1115 536 1314 583 universis
1341 538 1477 598 ipsum

188 643 501 704 Peloponnesiis
531 656 608 703 pro
631 640 772 687 lubitu
802 650 995 687 acturum
1022 656 1124 689 esse.
1186 643 1287 688 dam
1315 657 1413 688 vero
1432 641 1478 686 hi

189 749 375 804 stimuli,
409 747 679 794 solertissimo
707 746 867 791 admoti
894 746 1070 792 consilio
1090 780 1103 801 ,
1134 747 1242 808 regis
1266 749 1450 793 animum
1467 782 1478 802 ‚

192 852 362 912 imperii
402 846 687 895 avidissimum
706 883 718 904 ‚
763 849 820 893 ita
849 850 1130 911 subegerunt,
1164 861 1211 897 ut
1226 886 1238 907 ‚
1285 853 1484 913 proximis

189 958 242 1002 ad
288 972 442 1002 novum
482 956 723 1001 Praetorem
749 954 1060 1015 designandum
1088 954 1243 1000 habitis
1268 955 1450 1001 comitiis
1469 989 1482 1010 ‚

192 1072 326 1119 quum
343 1092 354 1111 ,
402 1058 544 1118 Apelli
572 1060 805 1119 obsequens
822 1092 835 1113 ,
881 1060 969 1120 ipse
1004 1061 1047 1103 in
1077 1060 1258 1105 concilio
1294 1061 1481 1115 adesset,

195 1162 328 1208 Arato
363 1164 530 1225 suisque
573 1164 650 1209 diu
692 1164 960 1226 multumque
987 1165 1312 1210 reclamantibus
1341 1163 1485 1209 on'mi-

197 1283 282 1330 que
299 1304 312 1322 ,
349 1268 507 1330 ‘ut5par
530 1278 645 1324 erat,
679 1277 835 1316 conatu
871 1270 1184 1317 oblu‘etanti'bus
1200 1307 1213 1327 ,
1245 1267 1487 1318 Macedoni-

196 1386 344 1416 carum
380 1372 574 1432 partium
611 1373 820 1417 fautorem
850 1373 1062 1433 quendam
1095 1382 1138 1417 et
1164 1374 1456 1419 administrum
1473 1409 1489 1431 ‚

194 1474 426 1534 Eperatum
468 1474 640 1518 nomine
657 1508 671 1529 ,
719 1474 1026 1520 Pharaeensem
1046 1510 1059 1529 ‚
1086 1461 1327 1520 Praetorem
1351 1478 1491 1522 >creari

196 1592 335 1639 passus
378 1577 448 1624 sit.
511 1578 576 1623 Ita
624 1577 841 1638 insigniter
870 1581 1016 1639 patere
1044 1577 1283 1623 civitatibus
1309 1578 1487 1633 debuit,

202 1695 331 1739 quam
360 1694 510 1740 parum
540 1680 621 1724 sibi
647 1674 702 1724 ad
732 1694 805 1724 sua
828 1682 927 1740 jura
957 1680 1115 1725 tuenda
1144 1681 1288 1726 auxilii
1308 1679 1490 1742 v>exspec-

203 1784 378 1829 tandum
405 1801 429 1828 a
454 1800 554 1845 rege
577 1784 652 1829 illo
682 1785 810 1831 foret.
873 1784 940 1829 Ita
969 1783 1114 1828 'subito
1138 1783 1182 1826 in
1210 1782 1488 1843 plurimorum

204 1888 354 1932 animis
382 1902 628 1933 evanescere
652 1904 744 1948 spes
774 1886 847 1931 illa
871 1885 1085 1947 praeolara
1110 1886 1249 1945 eoepit
1264 1920 1277 1940 ,
1301 1901 1426 1947 quam
1440 1902 1489 1931 ex

203 2005 402 2052 generoso
427 1991 617 2052 Philippi
639 2027 649 2046 ,
666 1991 767 2036 'heu
794 1991 974 2036 nimium
998 1991 1085 2034 cito
1098 1987 1150 2034 'ad
1166 1990 1341 2036 salutem
1354 1991 1485 2036 Grae-

204 2095 295 2139 ciae
322 2093 636 2139 defervescente
666 2093 839 2148 ardore,
874 2092 973 2138 lae‘ti
1001 2091 1296 2153 conceperant.

266 2197 354 2241 Rex
382 2196 654 2242 Macedoniae
671 2229 684 2249 ,
717 2195 836 2240 Arati
849 2196 1016 2241 causam
1031 2194 1315 2255 oppugnando
1332 2228 1345 2248 ‚
1362 2208 1489 2255 quam

208 2312 401 2360 perverse
424 2299 555 2358 egerit
575 2313 692 2344 suam
707 2333 721 2353 ,
759 2314 808 2343 ex
839 2298 950 2343 male
974 2301 1087 2359 gesta
1109 2296 1282 2359 Eperati
1293 2297 1493 2344 Praetura

207 2402 409 2446 continuo
435 2400 607 2447 edoctus
637 2402 719 2447 fuit
756 2404 810 2450 ⁴).
874 2401 988 2447 Hine
1015 2402 1067 2449 ad
1089 2402 1210 2450 illum
1239 2404 1378 2449 denuo
1407 2419 1492 2450 sese

257 2613 290 2645 ι)
330 2605 419 2655 Pol.
444 2605 487 2644 V.
516 2608 568 2643 in.
