1630 3217
816 253 896 296 161

200 390 377 446 Aratus,
426 409 473 437 ex
515 409 599 454 quo
641 394 718 437 suh
766 393 894 437 tutela
922 392 1160 437 Macedonis
1202 401 1244 435 et
1283 391 1328 433 in
1359 392 1479 435 aulae

199 496 417 556 splendore
457 497 595 541 vivere
634 496 773 555 coepit
794 530 805 548 ,
853 510 1021 539 omnem
1060 495 1168 538 vitae
1211 495 1476 555 splendorem

199 580 351 647 amisit.
414 603 714 645 Imminentem
744 599 955 659 depellere
980 608 1140 658 pestem
1170 585 1323 645 frustra
1352 600 1475 645 labo·
1521 666 1523 668 K

197 705 336 758 ravit3
398 704 566 748 tandem
593 737 603 755 ,
666 701 752 744 fato
800 709 1013 761 correptus
1069 677 1216 761 iniquo
1243 735 1254 755 ,
1306 702 1476 762 indigna

196 814 331 850 morte
361 806 505 866 periit.

256 909 454 969 Princeps
493 908 779 963 Achaeorum,
826 924 923 954 cum
952 910 1191 970 praestandi
1215 926 1238 952 a
1269 909 1475 953 Macedo-

199 1014 322 1058 nibus
366 1014 508 1057 auxilii
536 1014 845 1068 conditionem,
879 1023 972 1075 post
1003 1014 1222 1059 diuturnas
1249 1013 1472 1072 anxiasque

198 1116 494 1171 dubitationes,
508 1118 732 1178 accepisset
746 1117 899 1177 iisque,
917 1131 995 1161 ceu
1008 1116 1322 1161 munimentum
1336 1114 1470 1175 quod-

199 1219 295 1262 dam
325 1228 367 1264 et
394 1220 527 1264 futuri
543 1219 645 1264 belli
660 1219 976 1279 receptaculum
995 1253 1007 1273 ,
1023 1218 1377 1263 Acrocorinthum
1390 1227 1475 1261 tra—

199 1322 298 1367 dere
320 1324 411 1381 jam
443 1305 715 1376 decrevisset,
758 1324 990 1384 Antigonus
1007 1357 1018 1376 ,
1044 1323 1096 1366 de
1127 1323 1308 1366 adventu
1333 1322 1477 1375 Arati,

200 1428 318 1487 Pagis
357 1429 438 1472 sibi
474 1429 612 1481 obvii,
663 1428 817 1473 certior
856 1428 989 1471 factus
1007 1461 1019 1480 ,
1061 1436 1244 1471 caeteros
1275 1425 1447 1486 quidem
1465 1458 1477 1479 ,

201 1538 246 1573 ut
287 1530 432 1574 scribit
471 1529 746 1583 Plutarchus,
796 1529 957 1589 vulgari
998 1529 1188 1573 salutavit
1237 1507 1432 1573 comitate
1465 1563 1477 1583 ,

201 1633 322 1677 illum
362 1649 456 1677 vero
475 1669 487 1687 ,
534 1635 599 1678 vel
622 1636 761 1694 primo
787 1650 1005 1695 congressu
1025 1669 1035 1687 ,
1069 1650 1272 1694 perquam
1301 1635 1482 1679 honori·
1556 1646 1559 1648 ·

201 1738 280 1781 fice
319 1738 531 1797 amplexus
576 1748 651 1785 est.
717 1740 867 1799 Neque
909 1739 991 1784 hoc
1039 1749 1230 1794 tantum3
1278 1740 1358 1793 sed>
1379 1741 1480 1794 ubi,

204 1839 346 1883 indole
387 1841 474 1898 ejus
515 1844 731 1900 perspecta
749 1876 762 1896 ,
795 1843 931 1885 virum
957 1842 1079 1886 illum
1106 1854 1298 1902 expertus
1318 1845 1482 1898 fuerat,

205 1953 246 1986 et
284 1944 487 2004 probum,
537 1953 578 1988 et
622 1945 955 2005 intelligentem,
1003 1954 1043 1989 et
1087 1961 1172 1990 non
1216 1945 1481 1992 Achaeorum

207 2049 333 2093 modo
351 2083 363 2102 ‚
396 2047 467 2093 sed
498 2049 624 2094 etiam
651 2049 761 2095 inter
790 2050 1040 2096 Macedones
1066 2051 1118 2095 ad
1147 2067 1295 2113 regum
1332 2052 1485 2097 amici-

206 2153 309 2198 tiam
345 2154 603 2215 aptissimum
622 2189 634 2208 ,
679 2155 724 2198 in
767 2154 1010 2200 interiorem
1039 2169 1135 2199 eum
1163 2154 1331 2199 admisit
1353 2155 1484 2198 fami-

208 2257 434 2302 liaritatem
461 2268 502 2303 et
530 2259 582 2301 ad
609 2258 749 2302 omnia
764 2258 932 2319 negotia
948 2258 1217 2303 consiliorum
1231 2258 1486 2319 participem

207 2367 444 2405 constanter
484 2362 694 2408 adhibuit.
758 2366 848 2407 Καὶ
874 2366 952 2422 γὰρ
974 2361 1029 2419 ἦν
1058 2366 1084 2406 ὁ
1108 2362 1307 2421 ἋΑροετος
1337 2342 1485 2417 offue-

213 2480 288 2508 νον
332 2466 376 2507 ἐν
408 2469 619 2522 πράγμασι
644 2469 839 2524 μεγάλοις
866 2470 1071 2526 ὠφέλιμος
1094 2470 1203 2514 ἀλλὰ
1239 2473 1309 2513 καὶ
1338 2470 1489 2528 σχολά-

210 2566 324 2617 ζοντι
369 2570 427 2623 τῷ
469 2567 635 2626 βασιλεῖ
673 2571 949 2624 συγγενέσθαι
993 2573 1093 2629 παρ’
1121 2576 1312 2619 ὁντινοῦν
1343 2574 1492 2629 ἐπίχα-

1289 2678 1337 2721 11
