1630 3217
782 253 838 296 56

162 397 363 460 Iosephus
385 393 687 442 Chaeronensis
703 428 714 449 ,
748 393 872 440 οὐδέν
904 390 995 439 οἷον
1041 391 1226 450 ἀληθινὴ
1266 393 1336 436 καὶ
1376 393 1451 452 βέ-

167 508 290 564 βαιος
321 507 465 548 εὔνοια
496 501 781 559 φυλακτήριον
811 498 964 557 ἀνδρὸς
994 498 1203 557 ἄρχοντας’
1236 496 1341 542 ὅταν
1371 479 1453 552 γὰρ

167 608 400 652 ἐθισθῶσιν
428 610 473 651 οἳ
501 622 545 650 τε
576 603 728 649 πολλοὶ
764 605 838 652 καὶ
866 602 906 647 οἱ
936 602 1113 649 δυνατοὶ
1140 603 1194 657 μὴ
1221 616 1297 645 τον
1324 601 1461 654 vireo-¹

164 724 291 764 μενον
322 706 419 751 ἀλλ’
449 708 557 764 ὑπὲρ
588 708 661 750 τοῦ
694 704 930 762 ἡγουμένου
960 701 1147 749 δεδιέναι
1162 735 1176 756 ,
1191 700 1362 752 πολλοῖς
1376 702 1455 756 μὲν

165 812 346 865 ὄμμασιν
376 811 455 866 ὁρᾷ
470 842 484 862 ,
524 808 597 852 διὰ
627 806 800 852 πολλῶν
830 805 871 848 δ’
903 806 1022 851 ὤτων
1036 805 1267 874 ἀκούειναὶ
1280 817 1455 861 προαισ-

166 913 348 955 θάνεται
391 911 445 952 τά
489 911 721 963 γινόμενα,
762 915 804 951 et
842 907 987 967 paullo
1020 916 1116 968 post
1154 909 1208 953 de
1243 909 1379 953 Arato
1400 907 1457 950 ita

166 1012 410 1074 subjungit:
448 1015 474 1056 o‘
501 1011 542 1056 δ’
574 1012 651 1070 οὐχ
680 1010 826 1062 ὅπλοις
857 1013 968 1055 κατὰ
998 1012 1130 1070 βίαν,
1170 1016 1285 1069 νόμῳ
1313 1013 1354 1057 δ’
1382 1013 1456 1058 ὑπ’

163 1120 311 1175 ἀρετῆς
340 1118 646 1165 οἶκατάπαυςον
677 1116 810 1174 ἀρχὴν
840 1119 1208 1172 περιπεποιήμενος
1221 1147 1237 1169 ,
1270 1118 1317 1161 ἐν
1360 1117 1459 1170 ἱμα-

166 1220 246 1276 τίῳ
276 1220 349 1264 καὶ
381 1218 599 1278 χλαμυδίῳ
627 1220 687 1276 τῷ
718 1220 918 1277 τυχόντι,
947 1220 1036 1264 τῶν
1059 1221 1230 1264 πώποτε
1241 1223 1460 1276 τυράννων

169 1325 310 1373 κοινὸς
340 1321 689 1377 ἀποδεδειγμένος
720 1322 883 1379 ἐχθρὸς.
917 1322 1015 1379 ἄχρι
1042 1324 1115 1376 τῆς
1157 1324 1331 1378 τήμερον
1359 1319 1463 1375 ἠμέ-

170 1443 247 1483 ρας
264 1458 278 1479 ,
326 1425 449 1479 γένος
481 1424 817 1481 εὐδοκιμώτατον
848 1421 1131 1468 ἀπολέλοιπεν
1161 1425 1208 1468 ἐν
1237 1427 1325 1473 τοῖς
1354 1421 1464 1467 ‘'Ez-

170 1530 304 1585 λησιν.

226 1631 542 1693 Saepenumero
587 1631 744 1676 deinde
792 1630 945 1694 liratus
963 1665 974 1684 ‚
1023 1632 1275 1692 Argivorum
1301 1631 1462 1692 quippe

162 1733 492 1778 liberandorum
543 1733 753 1779 desiderio
788 1735 967 1795 flagrans
985 1769 998 1789 ,
1046 1735 1131 1780 sive
1155 1736 1266 1781 elam
1305 1745 1348 1780 et
1387 1751 1463 1797 per

170 1834 366 1898 ambages
377 1843 737 1898 strategematum,
751 1838 836 1883 sive
849 1838 979 1882 etiam
992 1838 1135 1899 palam
1146 1847 1372 1899 tyrannum
1387 1839 1463 1883 ad-

165 1956 324 2002 gressus
337 1975 350 1995 ,
382 1941 497 2003 quod
513 1956 677 1987 summo
691 1941 830 1986 studio
846 1942 1100 2004 sequebatur
1113 1976 1128 1998 ‚
1142 1942 1463 2005 assequitamen

166 2045 356 2091 nondum
386 2045 543 2106 potuit.
610 2043 718 2089 Cum
748 2044 881 2106 copiis
910 2045 1138 2107 aliquando
1168 2045 1252 2091 suis
1268 2046 1324 2090 ad
1354 2044 1465 2090 cha-

170 2159 259 2195 reta
286 2149 465 2199 fluvium
493 2150 766 2211 Aristippum
796 2149 966 2195 adortus
982 2185 993 2203 ‚
1028 2149 1222 2195 diffidens
1247 2151 1463 2204 victoriae,

173 2252 219 2295 in
245 2260 377 2297 castra
399 2267 486 2296 sese
516 2252 696 2312 recepit.
740 2250 839 2297 Mox
858 2287 870 2306 ,
903 2253 1065 2313 pudore
1086 2253 1248 2308 victus,
1274 2254 1327 2299 ad
1351 2271 1466 2317 pug-

173 2374 270 2404 nam
307 2358 465 2404 iterum
504 2356 681 2419 prodiit.
746 2356 833 2402 Ubi
878 2372 975 2402 vero
1013 2356 1210 2402 hostilem
1237 2358 1464 2405 exercitum

173 2473 345 2509 auctum
375 2462 572 2509 subsidiis
598 2461 754 2515 sensit,
789 2460 963 2506 Cleonas
989 2477 1031 2506 se
1056 2463 1232 2508 eontulit
1248 2499 1262 2520 ‚
1293 2466 1463 2511 urbem-

154 2583 258 2629 ·que
283 2568 400 2612 illam
420 2601 432 2621 ‚
465 2574 512 2612 ut
540 2567 643 2612 vitia
670 2565 782 2610 bello
811 2565 1028 2611 commissa
1056 2568 1227 2614 solerter
1258 2585 1466 2630 compen-
