1630 3217
774 315 856 357 102

169 459 307 504 tacula
347 459 466 503 valde
505 458 724 521 diligeret,
766 459 836 504 sed
880 458 928 503 ad
950 514 952 516 Ι
974 457 1110 504 hostes
1141 457 1375 504 illudendos
1417 467 1460 504 et

158 571 313 625 *aperte
359 562 692 616 declarandum,
734 570 995 623 quantopere
1035 550 1186 623 opibus
1231 561 1462 607 abundaret

170 667 350 728 illosque
374 675 676 712 contemneret.

235 769 386 816 Aratus
421 779 568 816 contra
587 806 598 825 ‚
646 771 759 833 qui‚.
789 772 912 816 aucta
938 771 983 815 in
1010 769 1100 816 dies
1125 770 1334 815 anxietate
1352 804 1363 824 ,
1397 771 1465 814 in-

173 877 305 938 signia
332 877 413 922 sibi
441 878 574 933 abeo
603 875 791 937 pericula
831 875 1054 920 imminere
1083 874 1351 920 intellexisset
1370 906 1396 927 ,γ
1415 888 1466 917 eo

170 978 341 1024 tandem
369 980 655 1039 angustiarum
681 978 948 1025 Achaeorum
973 978 1286 1040 rempublicam
1313 977 1464 1023 redac-

170 1092 257 1126 tam
286 1098 373 1128 esse
396 1091 537 1137 ratUS,
570 1092 649 1138 ut,
694 1082 775 1128 sibi
803 1082 949 1128 relicta
968 1116 980 1137 ,
1020 1081 1252 1127 necessario
1281 1096 1460 1127 corrue—

169 1202 214 1229 re
245 1187 449 1241 deberet,
509 1188 560 1238 ad
602 1186 783 1232 labantis
811 1188 992 1233 foederis
1037 1202 1136 1248 opes
1178 1175 1463 1233 sustentandas

172 1299 284 1341 viam
314 1297 411 1341 iniit
435 1296 763 1341 exitiosissimam
783 1316 816 1354 ε,
845 1294 1129 1341 Macedonum
1166 1294 1281 1339 enim
1317 1292 1467 1340 auxili-

173 1414 246 1443 um
272 1408 418 1445 contra
447 1399 677 1459 Spartanos
706 1401 961 1461 Aetolosque
994 1401 1190 1446 invocare
1218 1400 1403 1445 decrevit

653 1503 981 1548 conditionibus

384 1606 555 1651 Foedis
590 1615 632 1651 et
664 1607 1102 1669 exemplo.tralzenti

442 1710 702 1755 perniciem
735 1714 916 1755 veniens
948 1714 998 1754 in
1028 1726 1197 1756 aevum‘

234 1812 587 1874 Quandoquidem
617 1827 714 1856 vero
742 1828 873 1857 novus
902 1812 1005 1857 hinc
1035 1813 1161 1874 plane
1188 1821 1318 1874 atque
1344 1812 1467 1858 inex-

173 1925 382 1978 spectatus
425 1932 564 1963 rerum
585 1952 596 1972 ,
641 1919 686 1962 in
729 1918 1044 1980 Peloponneso,
1092 1920 1279 1965 nascitur
1328 1919 1461 1964 ordo.-

173 2019 482 2064 subsistendum
509 2020 592 2065 hoe
625 2021 718 2064 loco
748 2029 793 2065 et
833 2037 897 2066 res
929 2022 1054 2067 altius
1084 1993 1314 2082 repetenda
1342 2022 1467 2066 vide-

172 2132 254 2167 tur.
321 2113 518 2167 Primum*
546 2123 704 2183 igitur,
753 2123 1024 2168 consiliorum
1043 2159 1055 2179 ‚
1100 2126 1174 2170 ab.
1201 2126 1331 2171 Arato
1370 2140 1466 2170 cum

174 2225 475 2274 Macedonibus
514 2226 716 2271 initorum
735 2261 747 2281 ,
795 2241 1059 2288 progressum
1108 2213 1296 2288 bellique
1339 2226 1468 2272 Cleo-

174 2331 329 2375 menici
351 2339 549 2375 eventum
567 2364 579 2384 ,
614 2347 692 2391 pro
715 2332 907 2377 instituto
935 2347 1030 2376 meo
1048 2366 1060 2385 ,
1094 2340 1266 2377 auctore
1286 2331 1467 2376 maxime

174 2434 353 2495 Polybio
374 2469 386 2488 ,
419 2449 625 2497 exponam
668 2435 877 2489 breviter,
911 2432 1066 2480 deinde
1104 2449 1230 2489 vero,
1267 2434 1313 2477 in
1358 2433 1468 2479 illius

173 2539 254 2583 viri
280 2555 343 2584 res
370 2550 500 2601 gestas
531 2548 802 2602 statumque,
850 2539 1065 2587 Plutarchi
1092 2551 1134 2586 et
1173 2539 1343 2601 Polybii
1373 2556 1467 2586 sen-

173 2645 315 2689 tentiis
333 2644 493 2690 eollatis
514 2681 525 2700 ,
559 2647 701 2708 paullo
719 2646 893 2692 ulterius
921 2648 1137 2708 inquirere
1163 2648 1206 2691 in
1233 2647 1373 2693 animo
1389 2653 1467 2693 est.
