1630 3217
801 306 886 349 179

194 452 404 513 adplicare
436 449 582 510 illique
620 447 846 492 adhaerere
875 450 1041 508 coepit,
1070 450 1338 510 omniumque
1366 464 1472 511 quae

191 555 426 600 acciderant
451 553 575 613 culpa
605 551 647 595 in
683 552 877 612 Apellem
908 552 1102 599 translat—a
1124 589 1134 607 ,
1168 525 1221 596 ab
1252 555 1378 598 Arato
1393 570 1468 615 pe-

193 660 292 712 tiit,
320 666 387 710 ut,
437 658 519 717 qua
550 656 665 716 prius
695 670 794 715 erga
824 671 865 699 se
890 655 1102 701 voluntate
1130 655 1299 710 fuisset,
1332 652 1469 700 inea-

188 760 283 805 d'em
301 795 311 815 ,
355 760 398 804 in
440 766 654 819 posterum
678 756 805 801 etiam
823 791 834 810 ,
864 770 1128 819 perseverare
1163 757 1314 805 vellet:
1350 759 1464 820 quod

187 881 284 910 cum
314 863 437 909 facile
464 865 752 924 impetrasset,
785 865 1067 925 prosperrimo
1092 866 1246 911 iterum
1272 867 1315 910 in
1345 868 1467 911 rebus

185 967 373 1028 gerendis
396 974 582 1012 successu
615 977 709 1013 usus
739 977 815 1015 est.
886 969 1000 1015 Haec
1028 985 1215 1032 pungere
1239 970 1377 1015 acrius
1401 977 1465 1015 at-

184 1084 267 1129 que
289 1070 533 1113 exacerbare
559 1069 754 1131 Apellem
795 1085 891 1116 eum
919 1073 1093 1117 cohorte
1120 1089 1193 1119 sua
1223 1074 1462 1119 invidorum

183 1170 405 1215 hominum
444 1179 488 1215 et
532 1166 850 1232 profligatorum
870 1205 885 1227 ,
916 1189 1097 1234 quorum
1127 1175 1312 1236 perditos
1335 1191 1463 1221 cona-

179 1283 248 1319 tus
269 1275 442 1320 ulterius
470 1275 623 1320 relatos
648 1277 844 1337 persequi
864 1291 1033 1331 ,vereor
1066 1284 1119 1322 n‘e
1132 1286 1337 1322 summam
1367 1277 1461 1322 lee-

181 1379 339 1423 toribus
384 1378 619 1422 molestiam
661 1384 793 1424 creet.
860 1379 1092 1435 Quocirca,
1141 1377 1222 1421 hoc
1250 1392 1381 1424 unum
1409 1378 1462 1422 de

181 1481 323 1524 multis
363 1481 581 1525 tradidisse
624 1482 828 1534 sufficiat,
872 1481 1086 1525 ministros
1115 1481 1212 1524 istos
1244 1481 1380 1540 regios
1408 1495 1459 1523 eo

180 1583 349 1629 tandem
393 1584 635 1644 processisse
671 1584 956 1644 protervitatis
980 1592 1108 1644 atque
1139 1583 1373 1644 nequitiae,
1412 1591 1460 1627 ut

178 1689 353 1732 Aratum
378 1686 603 1747 aliquando
620 1721 634 1741 ,
665 1687 780 1748 regio
810 1687 999 1731 convivio
1042 1695 1261 1747 exceptum
1279 1720 1291 1740 ,
1324 1699 1458 1746 quum

179 1789 222 1832 in
248 1790 524 1833 diversorium
554 1804 641 1834 sese
666 1803 786 1832 suum
813 1789 1050 1849 reciperet,
1085 1796 1229 1848 petere
1246 1787 1457 1849 lapidibus

178 1892 265 1936 au'si
292 1892 462 1937 fuerint.
496 1891 862 1947 Eli-invidendum
888 1890 1007 1934 illum
1036 1898 1188 1934 statum
1207 1923 1220 1943 ‚
1251 1904 1381 1949 quem
1396 1891 1454 1933 si-

179 1992 228 2036 bi·
267 2006 290 2035 a
330 1992 607 2038 Macedonum
639 1986 842 2054 imperio,
878 1993 1087 2054 opinionis
1109 2007 1279 2047 errore,
1305 1994 1456 2038 Aratus

184 2093 383 2139 finxerat!
449 2091 536 2140 Rex
553 2097 727 2140 omnino
745 2131 756 2149 ‚
783 2096 1054 2156 iniquissimis
1082 2095 1168 2140 istis
1193 2085 1330 2155 neque
1361 2109 1458 2138 am-

178 2195 286 2253 plius
312 2193 493 2242 ferendis
520 2198 903 2243 machinationibus
929 2213 1059 2258 quum
1086 2205 1130 2241 et
1151 2214 1223 2242 sua
1247 2199 1377 2259 ipsius
1390 2214 1458 2242 re-

173 2297 328 2343 tardari
353 2297 501 2363 coepta
526 2316 675 2364 resque
700 2317 791 2347 suas
820 2301 982 2347 turbari
1011 2309 1231 2356 cerneret,
1272 2302 1454 2361 exagita-

176 2409 240 2447 tus
280 2404 368 2459 ira,
411 2407 596 2466 primum
635 2419 704 2452 eos
751 2407 962 2461 mulctae,
1007 2406 1106 2449 dein
1143 2405 1289 2465 capitis
1317 2406 1450 2465 poena

174 2505 326 2571 affecit.

231 2608 314 2653 Sed
341 2609 501 2654 utinam
532 2620 633 2657 tunc
656 2615 902 2676 Philippus,
946 2616 1055 2663 bello
1087 2614 1276 2659 Aetolico
1306 2613 1356 2656 ad
1386 2612 1450 2655 fe-

1201 2717 1251 2759 11
1288 2717 1308 2738 '‘
