1630 3217
790 283 873 326 137

200 428 392 476 redderet
429 422 515 483 ¹);''
552 425 666 481 Quae
690 424 816 467 verba
831 457 844 477 ‚
876 423 931 466 ab
956 420 1075 465 hoste
1097 422 1287 481 profecta
1314 428 1357 464 et
1378 421 1474 465 hos-

201 535 285 578 tilis
309 532 442 579 animi
466 530 620 592 plena,
653 526 786 571 nihilo
819 524 953 571 secius
985 537 1132 569 verum
1150 524 1361 570 continere
1379 556 1393 580 ,
1408 523 1478 570 vei

199 638 378 683 maxime
394 670 407 688 ,
452 633 666 679 videntur.
729 628 924 686 Quamvis
960 628 1089 689 igitur
1119 627 1348 689 Antigonus
1371 645 1472 676 auc-

199 739 410 785 toritatem
427 769 444 791 r
482 749 611 796 quam
651 733 696 778 in
742 731 868 777 rebus
917 732 1195 793 Peloponnesi
1232 737 1473 799 nuperrime

198 850 344 888 nactus
385 846 512 892 erat,
567 835 733 882 modice
773 835 945 880 omnino
991 833 1316 897 humaniterque
1359 852 1475 882 exer-

200 945 289 990 cuit
326 943 391 996 2),
436 938 711 986 nihilominus
748 953 840 984 rem
883 954 969 983 acu.
1005 939 1188 1000 tetigisse
1226 940 1475 987 Plutarchus

197 1049 424 1097 censendus
478 1055 540 1091 est
563 1080 576 1101 ‚
602 1051 606 1053 ’
636 1061 768 1106 quum
815 1053 1097 1100 „venatorem
1155 1044 1278 1088 illum
1320 1045 1474 1104 Aesopi

197 1169 339 1198 revera
381 1152 591 1196 imit-atum
633 1153 748 1193 esse'’
778 1148 841 1205 ‘ait
859 1181 872 1200 ‚
923 1142 1101 1208 „neque
1128 1148 1246 1208 prius
1286 1149 1474 1194 Achaeos

197 1264 359 1302 orantes
402 1268 564 1315 perque
597 1251 822 1312 legationes
863 1259 906 1294 et
950 1246 1117 1322 decreta
1148 1253 1188 1297 ei
1219 1268 1262 1297 se
1292 1254 1476 1297 submit-

199 1344 351 1403 tentes·
375 1356 509 1400 veluti
546 1353 833 1400 conscendisse
852 1389 865 1408 ‚
909 1370 1037 1415 quam
1052 1387 1066 1408 ,
1112 1355 1221 1401 datis
1261 1356 1478 1404 obsidibus

197 1469 452 1521 receptoque
499 1457 746 1519 praesidio5
806 1459 897 1518 pati
952 1459 1163 1504 fraenum'
1201 1460 1470 1507 didicissent:

198 1564 381 1621 ἀτεχνῶς
421 1563 493 1606 τὸν
529 1561 738 1605 Αῖσώπου
776 1564 1054 1617 μιμησάμενος
1095 1563 1291 1618 κυνηγοί
1320 1563 1368 1606 οὐ
1396 1566 1477 1622 γὰρ

197 1664 398 1721 πρότερον
441 1662 571 1720 ἐπέβη
609 1665 697 1710 τοῖς
721 1660 922 1718 Ἀχαιοῖς
952 1661 1161 1716 δεομένοις
1188 1665 1259 1705 καὶ
1283 1665 1478 1723 ὑποβαλ-

199 1766 343 1813 λουσιν
371 1768 520 1817 αὐτούς
561 1766 632 1811 διὰ
672 1768 760 1812 τῶν
787 1758 1016 1826 πρεσβειῶν
1046 1771 1117 1812 καὶ
1145 1771 1231 1815 τῶν
1261 1777 1480 1829 ψηφισμά-

196 1879 282 1913 των
307 1873 336 1924 ἤ
356 1874 409 1925 τῇ
432 1874 590 1925 φρουρᾷ
616 1865 688 1910 ’καὶ
716 1865 802 1919 τοῖς
829 1872 993 1926 ὁμήροις
1005 1870 1139 1929 ὥσπερ
1154 1873 1480 1930 χαλινουμένους

199 1972 469 2031 ἀνασχέσθαι·
502 1985 683 2031 cumque
709 1970 852 2031 paullo
875 1985 998 2031 supra
1031 1971 1263 2024 „dominos
1295 1972 1474 2018 Aratum

200 2073 373 2119 urbibus
410 2073 601 2118 dedisse''
640 2074 861 2119 contendit
882 2108 893 2127 ,
929 2072 1123 2128 „blando
1153 2076 1363 2121 sociorum
1387 2093 1471 2122 no-

198 2173 313 2223 mine
372 2180 434 2223 rei
473 2178 676 2223 invidiam
717 2178 834 2239 quasi
872 2174 1136 2238 mitigantem
1168 2200 1178 2226 :
1244 2184 1479 2236 ἐπάγεσθαι

200 2276 401 2338 δεσπότας
423 2289 524 2337 *ταῖς
552 2283 693 2330 πόλεσι
720 2288 956 2343 συμμάχους
982 2286 1348 2343 ὑποκοριζόμενον.
1379 2284 1478 2330 Jam

248 2468 282 2505 ¹)
327 2467 388 2503 IX.
412 2469 473 2503 29.

248 2533 282 2571 2)
330 2534 497 2582 Antigoni
522 2536 780 2573 humanitatem
807 2538 969 2585 inprimis
995 2538 1118 2586 Sparta
1144 2545 1286 2584 experta
1314 2545 1379 2574 est.
1403 2536 1477 2571 Po-

198 2601 272 2650 lyb.
296 2601 347 2638 11.
372 2602 431 2638 70.
481 2601 577 2639 Plut.
608 2605 653 2647 V.
682 2606 808 2642 Cleom.
835 2620 865 2642 c.
893 2607 994 2644 XXX.
