1630 3217
795 307 880 349 112

170 450 297 511 hujus
323 450 402 493 viri
428 449 473 493 in
511 448 693 493 foederis
727 448 902 493 salutem
943 460 985 494 et
1027 450 1201 511 gloriam
1242 450 1452 497 intuentes

169 554 320 598 merita
339 587 351 607 ,
384 553 654 614 respicientes
681 552 879 612 peritiam
906 566 1052 598 rerum
1087 553 1275 598 civilium
1305 555 1456 598 eximi-

168 673 237 701 am
263 644 493 719 totamque'
510 659 599 718 ejus
623 657 755 701 vitam
773 656 943 718 suisque
970 659 1218 720 patriaeque
1245 658 1454 712 dicatam,

167 764 296 807 verba
325 779 497 824 quoque
523 763 739 808 audientes
755 797 766 817 ,
800 778 905 823 quos
931 764 975 806 in
1011 764 1124 809 bello
1162 764 1345 825 gerendo
1374 764 1455 808 ad-

166 866 346 910 misisset
385 881 543 910 errores
559 900 571 918 ,
616 866 888 924 deprecantia
923 867 1243 922 facundissime,
1282 869 1454 929 ejusque

165 967 351 1029 eloquii,
399 982 533 1028 quum
570 967 653 1013 vel·
678 967 861 1012 maxime
888 967 933 1010 in
969 974 1073 1012 eum'
1098 958 1257 1015 incensi
1288 980 1452 1025 essent,

164 1073 360 1119 suivitate
389 1081 432 1115 et
458 1072 590 1131 gratia
617 1071 815 1116 deliniti:
867 1072 1023 1115 iterum
1060 1075 1149 1133 ejus
1188 1088 1318 1134 sequa
1353 1091 1455 1119 con-

164 1179 256 1223 silia
287 1178 552 1239 civitatisque
589 1180 746 1222 iterum
774 1177 1059 1238 gubernacula
1102 1177 1147 1220 in
1174 1180 1262 1237 eJus
1290 1178 1458 1221 tradere

165 1299 314 1328 manus
343 1282 458 1327 haud
488 1283 740 1326 dubitarunt
779 1284 838 1343 ¹).

227 1386 426 1443 Quamvis
478 1386 606 1445 igitur
652 1385 823 1429 alternis
871 1384 989 1428 annis
1031 1398 1175 1444 gerere
1211 1384 1453 1428 Praeturam

165 1489 469 1543 consuevisset,
504 1504 637 1550 quum
665 1489 710 1531 in
743 1502 900 1531 annum
932 1488 1038 1531 224.
1078 1501 1118 1531 a.
1156 1484 1205 1531 C.
1239 1487 1349 1529 vices
1377 1487 1458 1530 ite-

163 1609 259 1638 rum
304 1593 357 1650 ad
397 1607 494 1636 eum
537 1591 827 1642 devenissent,
876 1603 1004 1649 quem
1033 1588 1240 1632 honorem
1272 1588 1456 1633 studiose

165 1711 328 1755 semper
357 1695 593 1746 ambierat,
628 1694 808 1752 ejuravit
838 1707 976 1751 neque
1001 1708 1044 1735 se
1075 1693 1319 1736 Praetorem
1342 1707 1457 1735 crea-

166 1797 204 1840 ri
230 1812 371 1857 passus
401 1803 478 1840 est.
544 1794 752 1851 Quocirca
784 1794 828 1836 in
865 1795 954 1853 ejus
979 1794 1121 1838 loeum
1162 1796 1357 1840 successit
1385 1796 1462 1840 Ti—

166 1914 381 1943 moxenus.
447 1897 584 1957 Hujus
615 1898 678 1939 rei
718 1911 886 1941 causam
928 1897 1051 1957 vulgo
1085 1898 1167 1942 sibi
1195 1900 1381 1960 reperire
1416 1900 1460 1943 in

164 2084 335 2124 tor-itate,
375 2095 479 2129 quam
518 2084 556 2117 in
593 2082 698 2118 rebus
736 2082 1058 2124 administrandis,
1096 2084 1205 2118 etiam
1231 2083 1263 2118 si
1287 2079 1461 2118 Praetura

164 2163 235 2186 non
266 2150 494 2196 fungeretur.
531 2159 700 2197 perpetuo
736 2164 898 2187 exercere
937 2153 1069 2188 Aratus
1100 2151 1260 2192 solebat,
1310 2164 1388 2187 cum
1430 2160 1466 2188 et

163 2218 283 2266 paullo
316 2227 424 2260 ante,
461 2218 504 2254 de
535 2217 599 2255 illo
634 2218 894 2256 affirmaverit:
931 2233 1035 2262 eum,
1076 2222 1170 2270 ἔργῳ
1208 2221 1273 2255 καὶ
1313 2218 1465 2269 γ’νὼμῃ,

165 2300 237 2324 non
261 2287 411 2323 Praetor
446 2296 584 2324 tantum
617 2301 698 2324 cum
728 2296 847 2330 esset,
890 2289 952 2325 sed
989 2291 1054 2324 διὰ
1079 2290 1220 2327 παντὸς
1254 2288 1405 2336 ἄρχειν,
1432 2298 1467 2325 et

163 2371 267 2399 cum,
304 2356 371 2392 hac
406 2355 547 2391 demum
582 2358 882 2404 interpretatione
912 2357 1067 2393 admissa
1088 2383 1096 2397 ‚
1124 2356 1315 2393 institutae
1351 2359 1467 2394 antit-

161 2427 242 2463 hesi
276 2425 330 2462 vis
366 2424 451 2461 addi
489 2424 644 2460 maxima
680 2424 773 2460 mihi
815 2424 990 2461 videatur.
1043 2423 1173 2468 Quid?
1211 2425 1304 2473 quod
1343 2438 1373 2462 c.
1400 2427 1468 2462 30.

162 2496 337 2544 expressis
384 2494 502 2531 verbis
548 2494 592 2530 de
642 2493 756 2529 Arato
794 2493 949 2530 dicitur:
989 2495 1102 2535 αὐτὸς
1152 2495 1219 2537 μὲν
1263 2498 1333 2543 γὰρ
1370 2494 1460 2542 παρ’

161 2568 332 2602 ἐνιαυτὸν
355 2558 470 2613 ἦρχε,
497 2563 545 2601 cs.
571 2577 603 2600 c.
628 2565 689 2599 24.
1035 2587 1037 2591 -

212 2632 248 2676 ¹)
295 2632 351 2670 cf.
377 2634 422 2670 V.
449 2635 511 2671 Ar.
538 2634 708 2671 XXVIII.
740 2636 782 2671 οὐ
806 2650 879 2683 μην
903 2638 1012 2680 ἀλλὰ,
1042 2645 1078 2673 et
1101 2636 1228 2684 Polyb.
1253 2636 1319 2673 IV.
1347 2639 1404 2672 14.
