1630 3217
800 331 885 375 128

187 471 229 515 ri
261 505 275 525 ‚
335 478 550 532 tamquam
594 487 870 519 communem
904 483 1072 534 patrem
1112 486 1473 543 servatoremque,

189 575 325 620 flebili
366 576 590 637 amplexu,
635 592 690 621 ne
731 592 773 621 se
814 586 976 622 temere
1021 579 1226 640 objiceret
1259 582 1476 642 periculo,

187 680 476 727 obsecrabant.
540 678 597 724 At
627 694 725 725 vero
753 680 876 725 irrita
901 681 1057 729 omnia.
1120 683 1244 728 Jacta
1262 683 1352 729 alea
1369 693 1475 733 erat.

188 783 270 827 Eos
291 782 419 844 igitur
433 781 669 828 consolatus
685 817 699 837 ,
728 791 861 846 utque
876 784 985 830 hona
1003 800 1075 847 spe
1092 796 1244 841 essent,
1270 787 1477 843 hortatus,

186 887 241 932 ad
277 903 394 933 mare
427 889 660 950 equitavit,
709 888 860 934 decem
903 903 1045 933 secum
1067 887 1225 933 amicos
1250 888 1405 933 ducens
1433 897 1476 934 et

187 989 324 1034 filium
352 991 444 1049 jam
483 989 806 1035 adolescentem.
873 988 1118 1035 Conscensis
1157 989 1360 1050 navigiis,
1393 989 1477 1035 Ae-

182 1093 302 1153 gium
326 1091 379 1137 ad
406 1063 636 1137 concilium
666 1092 855 1153 pervecti
881 1099 992 1138 sunt.
1055 1092 1126 1137 Ibi
1150 1093 1269 1153 jam,
1303 1102 1474 1140 auctore

184 1197 339 1251 Arato,
384 1196 605 1243 decretum
644 1197 752 1252 fuit,
816 1206 894 1252 ut,
941 1196 1094 1243 tradita
1136 1195 1470 1253 Acrocorintho,

182 1301 456 1346 advocaretur
482 1298 744 1361 Antigonus:
780 1298 895 1360 quod
920 1305 968 1343 ut
995 1297 1195 1344 sanctiori
1222 1299 1306 1343 fide
1322 1300 1472 1344 firma-

181 1410 248 1446 ret
311 1402 362 1462 (si
395 1416 470 1463 per
515 1401 718 1445 invidiam
757 1402 820 1445 rei
859 1402 918 1445 ita
953 1400 1073 1462 loqui
1110 1402 1171 1445 fas
1206 1403 1313 1462 est),
1360 1403 1471 1445 inter

181 1506 365 1566 reliquos
403 1505 565 1549 obsides
606 1506 744 1550 filium
787 1520 958 1566 quoque
998 1509 1121 1549 suum
1157 1506 1273 1549 misit
1297 1508 1467 1553 Aratus.

183 1607 396 1653 Corinthii
438 1607 620 1660 irritati,
652 1608 764 1651 bona
793 1608 880 1666 ejus
907 1607 1179 1667 diripuerunt
1206 1608 1465 1669 domumque

183 1712 402 1758 Cleomeni
433 1712 551 1756 dono·
575 1710 802 1758 dederunt.

270 1818 363 1862 Ille
392 1817 488 1861 dies
506 1818 692 1877 primus
711 1816 794 1860 leti
811 1817 1080 1877 primusque
1109 1816 1332 1859 malorum

276 1923 430 1969 Causa
450 1921 569 1980 fuit.

179 2026 265 2073 Sed
296 2026 495 2087 quoniam
514 2059 527 2079 ,
560 2008 806 2068 narr-ationis
833 2023 953 2067 filum
975 2020 1232 2082 pertexendo
1252 2054 1265 2075 ,
1282 2020 1461 2066 adhunc

177 2145 271 2174 eam
300 2144 455 2173 novum
481 2127 607 2188 plane
635 2141 777 2171 rerum
799 2135 951 2171 statum
988 2125 1254 2170 deduximus:
1291 2125 1460 2185 cognitu

178 2233 371 2296 inprimis
411 2232 586 2294 dignum
610 2231 777 2277 videtur
794 2267 805 2286 ,
838 2231 942 2294 quid
968 2230 1088 2277 Arati
1114 2229 1369 2293 biographus
1406 2229 1459 2275 de

177 2339 259 2384 hoc
286 2340 376 2399 ejus
403 2337 588 2384 facinore
620 2337 812 2382 senserit.
