1630 3217
803 268 833 312 6

179 421 268 459 tota
296 416 386 459 fere
414 415 588 460 Graecia
614 411 834 475 minimae)
863 415 937 461 sed
963 415 1205 477 quodfides
1237 432 1383 462 eorum
1403 430 1466 464 at.-

181 535 263 581 que
290 520 505 580 integritas
522 555 534 575 ‚
569 535 653 565 uno
685 521 876 566 omnium
903 536 1104 567 consensu
1123 554 1136 574 ‚
1178 536 1300 581 supra
1327 529 1467 567 caete-

179 639 245 666 ros
273 622 617 684 praedicarentur
643 625 709 681 11).

191 728 194 733 ’
244 728 384 772 Rebus
409 729 662 772 militaribus
679 763 690 782 ,
724 732 872 789 primis
898 732 1179 792 temporibus,
1212 748 1298 777 non
1313 734 1464 778 admo-

182 835 284 877 dum
328 835 619 881 inclaruerunt
661 836 837 882 Achaei.
903 837 1053 898 Neque
1106 839 1248 892 enim·,
1298 848 1467 885 auctore

185 940 387 984 Pausania
404 973 415 992 ,
448 939 570 983 bellis
599 939 776 983 Persicis
806 950 1076 993 communem
1092 941 1293 986 Graeciae
1304 957 1468 987 causam

178 1047 380 1104 juverunt
398 1078 409 1093 ,
444 1057 582 1102 neque
603 1042 657 1086 ad
683 1040 985 1102 Thermopylas
1006 1054 1146 1102 neque
1173 1043 1226 1086 ad
1252 1044 1470 1088 Euboeam

183 1159 323 1206 neque
367 1145 420 1188 ad
461 1144 689 1189 Salamina.
766 1144 832 1188 Ad
865 1144 1052 1189 Plataeas
1101 1129 1242 1190 autem
1284 1146 1473 1207 quamvis

188 1251 373 1296 subsidia
414 1251 582 1295 Graecis
618 1249 812 1293 adversus
850 1247 1116 1293 Mardonium
1158 1248 1347 1291 miserint
1365 1281 1377 1300 ‚
1411 1256 1474 1292 ta-

189 1371 288 1400 men
307 1390 319 1409 ,
351 1355 451 1415 quia
467 1355 528 1397 in
553 1362 743 1414 tempore
768 1366 854 1394 non
877 1324 1160 1403 advenerant:
1194 1351 1238 1393 in
1261 1352 1474 1395 communi

191 1459 450 1502 Graecorum
475 1458 648 1501 donario
664 1491 676 1511 ‚
719 1457 834 1517 quod
865 1455 1088 1517 Olympiae
1114 1457 1357 1501 dedicatum
1382 1464 1443 1502 'est
1461 1490 1474 1510 ‚

190 1557 456 1603 Achaeorum
481 1572 641 1602 -nomen
666 1559 841 1603 caeteris
852 1558 974 1602 sociis
1005 1573 1090 1602 non
1103 1559 1361 1619 adscriptum
1376 1560 1473 1606 fuit.

189 1662 309 1707 Bello
330 1661 689 1722 Peloponnesiaco
705 1660 848 1721 quales
861 1676 1009 1705 eorum
1037 1670 1175 1722 partes
1202 1662 1385 1716 fuerint,
1402 1663 1476 1706 de-

191 1765 323 1808 clarat
351 1764 619 1822 Thucydides
644 1764 677 1809 l.
710 1763 770 1808 ΙΙ.
804 1779 843 1809 o.
878 1768 923 1809 9.
957 1764 1034 1808 ubi
1062 1765 1282 1821 Πελληνῆς
1313 1767 1358 1810 δὲ
1376 1767 1475 1820 ‚in-

191 1869 286 1929 quit
303 1902 315 1922 ,
350 1868 552 1926 Ἀχαιῶν
572 1870 704 1923 ’μόνοι
733 1865 1045 1922 ξυνεπολέμουν
1075 1868 1126 1909 τὸ
1145 1869 1312 1923 πρῶτον
1329 1900 1340 1919 ,
1388 1867 1478 1926 (ni-

189 1972 347 2016 mirum
407 1986 504 2015 cum
556 1967 900 2021 Lacedaemoniis
962 1976 1108 2013 contra
1155 1968 1477 2024 Athenienses),

193 2079 339 2120 ἔπειτα
371 2075 415 2119 δὲ
447 2077 617 2131 ὕστερον
632 2075 706 2117 καὶ
723 2074 909 2122 ἅπαντες
922 2106 934 2126 ,
962 2072 1037 2132 qui
1051 2079 1194 2115 tamen
1207 2071 1363 2116 deinde
1377 2072 1477 2114 nul-

174 2182 278 2223 ·lam
305 2196 451 2224 eorum
472 2180 732 2224 mentionem
762 2179 879 2222 fecit.
944 2178 1271 2222 Atheniensibus
1302 2193 1371 2221 eos
1400 2177 1479 2221 ad-

175 2282 331 2327 *dictos
372 2280 498 2324 fuisse
539 2280 718 2324 affirmat
756 2279 979 2323 Pausanias
1015 2278 1114 2323 VII.
1164 2280 1206 2323 6.
1268 2270 1340 2323 ξΑἱ
1377 2279 1479 2323 haec

247 2435 278 2469 1)
328 2422 455 2470 Polyb.
481 2422 531 2457 Il·
572 2422 631 2458 39.
682 2423 725 2456 τὸ
760 2422 801 2457 δὲ
833 2423 986 2463 πλεῖον,
1013 2424 1068 2461 εἷς
1097 2424 1164 2467 τὴν
1190 2425 1286 2462 πίςιν
1320 2425 1382 2457 καὶ
1414 2427 1481 2469 τὴν

199 2497 285 2539 ὃλην
310 2495 617 2536 καλοκαγαθίαν,
649 2491 945 2535 ὁμολογουμένως
971 2491 1041 2536 γὰρ
1064 2491 1112 2534 δὴ
1133 2491 1219 2524 τότε
1239 2492 1377 2536 τάυτην
1394 2501 1486 2536 περὶ,

197 2563 322 2597 αὐτῶν
343 2563 480 2599 πάντες
500 2556 603 2605 εἶχον
624 2560 691 2604 τὴν
712 2560 837 2597 δόξαν.
887 2556 943 2593 Cf.
970 2556 1096 2593 Strabo
1121 2556 1146 2594 l.
1172 2557 1274 2595 VIII.
1305 2559 1481 2594 τοσοῦτον

195 2633 452 2675 ῆυδοκίμησαν
477 2629 566 2675 περὶ
589 2628 653 2666 τὰς
674 2627 884 2668 πολιτείας,
911 2626 975 2666 ὥςε
1002 2625 1069 2672 rlq.
