1630 3217
794 310 851 352 86

182 461 402 528 potentem
432 453 714 514 acerbamque>
736 452 1069 500 dominationem
1090 454 1242 501 acriter
1257 454 1443 502 invectus
1456 491 1468 510 ‚

182 544 293 622 quae
346 559 578 606 lenioribus
629 544 743 604 haud
801 560 983 605 sananda
1045 560 1177 608 essent
1231 559 1427 607 remediis
1456 596 1468 615 ,

177 664 290 711 ferro
307 633 385 718 ⁴se,
436 671 606 709 auctore
632 663 826 724 Lycurgo
855 663 1118 725 legislatore,
1164 680 1323 710 sanasse
1369 670 1469 725 pro-

180 766 310 813 fessus
336 774 415 813 est.
480 764 732 822 Caeterum,
762 766 844 812 hoc
873 766 954 816 sibi
974 773 1059 814 esse
1077 748 1341 831 propositum
1355 803 1368 824 ‚
1395 777 1440 814 ut
1456 803 1469 822 ‚

179 872 289 932 agris
319 873 363 916 in
392 885 624 916 commune
650 869 888 915 dividendis
904 903 918 924 ,
952 869 1215 916 debitoribus
1238 885 1332 915 aere
1370 869 1471 914 alie-

181 989 238 1018 no
277 973 509 1017 liberandis
552 973 961 1035 peregrinorumque
995 976 1254 1021 instituendo
1282 975 1447 1021 delectu
1463 1007 1475 1027 ‚

181 1079 234 1124 ad
278 1077 500 1139 pristinam
544 1078 817 1138 divinamque
841 1076 1107 1138 reipublicae
1136 1077 1317 1122 formam
1344 1077 1473 1139 Spar-

179 1194 267 1231 tam
286 1194 484 1231 revocet.
516 1184 656 1239 Hinc,
683 1185 789 1245 regis
821 1184 873 1229 ad
902 1183 1142 1244 exemplum
1157 1217 1169 1238 ‚
1196 1183 1306 1229 cives
1329 1197 1474 1250 omnes

180 1289 293 1333 bona
329 1288 376 1332 in
416 1287 641 1350 publicum
679 1284 952 1332 contulerunt
985 1285 1158 1347 agrique
1196 1285 1319 1331 divisi
1348 1293 1445 1332 sunt
1462 1320 1473 1339 ,

181 1393 234 1437 iis
260 1407 433 1454 quoque
449 1425 461 1446 ,
485 1407 590 1452 quos
615 1389 784 1436 exulare
805 1391 1016 1447 jusserat,
1053 1395 1195 1449 partes
1220 1388 1477 1450 adsignavit,

182 1509 412 1555 omnesque
429 1529 441 1547 ‚
475 1495 601 1538 rebus
626 1493 787 1553 pacatis
804 1527 816 1545 ,
850 1493 894 1535 in
920 1490 1104 1552 patriam
1133 1507 1177 1536 se
1201 1492 1475 1537 reducturum

179 1599 389 1660 promisit.
437 1597 607 1667 Civium
636 1597 793 1643 deinde
826 1610 1054 1642 numerum
1069 1631 1081 1651 ,
1116 1596 1230 1645 lecto
1263 1597 1317 1642 de
1343 1597 1476 1641 finiti-

181 1703 261 1747 mis
274 1704 631 1763 praestantissimo
647 1715 844 1762 quoque,
867 1701 1076 1762 supplevit
1086 1714 1106 1755 ’,
1139 1701 1198 1746 ita
1221 1711 1269 1747 ut
1294 1685 1475 1762 quatuor

183 1803 318 1848 millia
347 1804 458 1849 ferre
481 1816 596 1849 arma
621 1812 804 1865 possent.
856 1803 1089 1850 Emendata
1118 1818 1164 1850 re
1189 1806 1394 1869 militari,
1420 1808 1473 1853 ad

181 1906 512 1953 adolescentium
557 1924 600 1951 se
646 1908 854 1953 convertit
901 1908 1209 1955 institutionem
1250 1911 1476 1974 statimque

182 2013 434 2058 instauratus
470 2021 532 2058 est
564 2012 914 2059 exercitationum
942 2012 1246 2071 Gymnicarum
1276 2021 1319 2057 et
1343 2013 1478 2071 Syssi-

181 2114 339 2159 tiorum
365 2130 456 2160 mos
471 2148 483 2169 ,
516 2123 665 2176 sponte
690 2114 904 2178 plerisque
936 2132 987 2163 co
1024 2117 1337 2164 accedentibus,
1380 2118 1475 2179 Ipse

183 2226 325 2261 tamen
369 2216 638 2273 CleomeneS,
700 2235 785 2281 quo
829 2219 1035 2266 invidiam
1054 2254 1066 2274 ,
1115 2229 1162 2265 ut
1195 2219 1442 2282 perhibetur
1457 2255 1469 2275 ,

187 2319 306 2379 quasi
336 2334 513 2379 regnare
540 2336 647 2366 unus
682 2322 808 2366 vellet
826 2357 838 2376 ,
883 2339 907 2366 a
940 2340 981 2368 se
1019 2333 1225 2369 averteret
1240 2359 1252 2380 ,
1301 2326 1473 2372 fratrem

182 2436 304 2467 snum
332 2422 452 2483 regni
483 2423 643 2468 socium
676 2424 865 2471 adscivit.

243 2523 360 2569 Haec
399 2526 713 2586 praemittenda
764 2529 913 2589 utique
953 2531 1005 2576 de
1045 2532 1127 2578 hoc
1170 2535 1260 2580 viro
1302 2538 1475 2597 ejusque

182 2628 374 2676 facinore
405 2630 596 2679 omnium
621 2632 801 2680 maxime
823 2634 1046 2682 nobilitato
1072 2637 1202 2690 duxi,
1236 2647 1283 2683 ut
1314 2638 1476 2696 aliqua-
