1630 3217
747 269 830 311 182

150 421 196 457 ut
242 411 490 456 sententiam
518 444 529 463 ,
579 424 858 469 quaecunque
899 418 1038 463 esset,
1098 409 1306 471 aperiret,
1355 424 1431 452 ur-

152 529 250 575 gere
274 527 360 558 non
390 512 631 565 desisteret,
663 510 767 556 haec
795 512 921 556 verba
949 511 1159 579 praeclara
1198 513 1433 570 enuntiasse

150 618 285 661 fertur
305 651 316 670 ‚
351 616 395 660 in
423 614 575 677 quibus
605 614 939 660 effervescentem
968 613 1277 675 pulcherrimae
1302 624 1432 660 natu·

145 735 217 763 rae
259 719 376 774 vim,
409 726 484 773 et,
517 719 552 762 si
578 732 753 778 usquam
778 716 911 769 alibi,
955 725 1127 777 peetus,
1161 717 1273 778 quod
1301 717 1432 773 diser-

78 873 82 877 *
145 829 237 868 tum
285 819 413 866 faeiat
430 854 442 874 ‚
487 819 705 863 ohservare
744 815 856 862 licet.
940 825 976 874 ,‚'
1005 818 1133 864 Multi
1169 818 1342 881 quidem
1360 852 1373 874 ,
1406 835 1431 861 ο

151 923 349 985 Philippe
366 927 413 977 ,'’
448 921 588 983 inquit
623 954 654 976 ,‚
689 921 914 982 magnique
941 920 1150 977 habentur
1174 921 1435 986 Cretensium

153 1037 316 1074 montes
333 1062 346 1083 ,
380 1028 539 1073 multae
565 1027 819 1072 Boeotorum
846 1025 1088 1070 altitudines
1101 1034 1143 1069 et
1159 1024 1435 1070 Phocensium

155 1140 397 1179 excrescunt
421 1147 446 1177 e
475 1141 617 1186 terra3
652 1139 748 1176 sunt
777 1139 820 1175 et
850 1131 980 1174 multa
1004 1130 1156 1190 passim
1171 1131 1438 1176 Acarnanum

155 1242 201 1280 et
243 1235 454 1280 maritima
498 1233 589 1278 loca
627 1241 671 1277 et
713 1232 1017 1276 mediterranea
1037 1265 1050 1285 ,
1092 1230 1211 1276 miris
1237 1231 1439 1277 instructa

152 1340 401 1400 praesidiis:
436 1339 585 1399 atqui,
616 1337 780 1380 nullum
808 1335 961 1378 horum
983 1335 1201 1395 ‘occupasti
1233 1343 1275 1377 et
1300 1335 1440 1377 omnia

154 1456 226 1486 sua
271 1448 420 1500 sponte
451 1442 565 1500 jussa
608 1448 678 1483 tua
706 1446 928 1499 peragunt.
1002 1439 1201 1483 Latrones
1226 1439 1339 1482 enim
1367 1440 1437 1482 in-

157 1542 334 1587 haerent
375 1541 552 1603 rupibus
570 1575 581 1595 ,
626 1540 874 1586 muniuntur
913 1540 1199 1602 praecipitiis:
1234 1541 1323 1602 regi
1342 1557 1439 1586 vero

158 1655 202 1690 et
230 1645 315 1690 fide
345 1654 388 1689 et
423 1645 557 1706 gratia
582 1644 785 1689 munitius
804 1643 944 1698 nihil,
976 1643 1084 1688 nihil
1104 1645 1293 1691 validius.
1327 1645 1441 1689 Haec

160 1747 264 1790 tibi'
289 1744 505 1790 creticum
545 1746 740 1807 aperiunt
785 1762 928 1800 mare,
975 1747 1081 1792 haec
1122 1749 1287 1809 Pelopis
1328 1750 1442 1794 insu-

161 1851 278 1903 lam3
327 1849 381 1892 ab
424 1846 665 1907 hujusmodi
708 1849 838 1894 initiis
878 1851 1091 1910 profectus
1108 1885 1122 1907 ,
1162 1861 1236 1906 tu,
1282 1854 1444 1898 tantilla

160 1961 325 2007 aetate,
370 1952 522 2010 horum
567 1952 740 2013 quidem
781 1952 892 2007 dux,
937 1953 1106 1998 illorum
1133 1969 1231 2013 vero
1256 1957 1347 2017 jam
1366 1956 1443 2001 do-

156 2059 295 2104 minus
337 2073 379 2101 es
416 2058 678 2104 constitutus,
745 2058 910 2115 Quare,
946 2060 979 2103 si
997 2062 1184 2125 ¹retinere
1211 2062 1441 2107 Messenio-

157 2179 251 2209 rum
281 2177 419 2207 areem
440 2197 452 2216 ,
483 2161 565 2206 fide
585 2196 597 2216 ‚
614 2177 741 2225 quam
759 2161 859 2208 huie
874 2165 988 2224 genti
1006 2164 1182 2219 dedisti,
1198 2166 1443 2211 intemerata

160 2276 281 2328 potes
300 2299 311 2318 ,
343 2267 506 2320 retine3
544 2268 634 2320 sin,
681 2267 935 2313 Ithomatam
964 2270 1171 2329 praesidio
1208 2285 1412 2331 occupans
1432 2306 1443 2325 ,

162 2383 305 2413 omnes
331 2382 444 2412 arces
476 2369 695 2412 amissurus
723 2385 762 2413 es
792 2378 916 2431 atque
945 2370 1049 2416 illud
1077 2373 1355 2432 praesidium,
1388 2375 1439 2419 ab

164 2475 375 2535 Antigono
417 2484 662 2536 acceptum,
712 2492 794 2538 quo
845 2477 972 2521 socios
1019 2476 1098 2522 tibi
1128 2493 1260 2522 servas
1297 2476 1446 2530 (fidem

165 2581 440 2642 significabat)
461 2616 471 2634 ,
507 2581 600 2625 vide
619 2616 630 2634 ,
661 2596 711 2626 ne
743 2581 868 2626 etiam
895 2595 1006 2626 nunc
1026 2581 1148 2625 satius
1175 2581 1256 2633 sit,
1291 2580 1448 2625 eductis
