1630 3217
788 285 871 331 153

194 431 353 477 dicium
374 465 384 485 ‚
415 431 506 490 jam
534 425 762 472 videndum
789 426 882 471 erit.
947 423 1194 469 Plutarchus
1233 422 1390 482 igitur,
1423 434 1469 468 ut

193 536 245 580 de
284 535 420 596 prisca
469 533 772 594 Spartanorum
818 526 1081 588 reipublicae
1123 527 1257 569 forma
1300 533 1469 570 auctore

192 637 382 696 Lycurgo
414 634 603 679 instituta
647 628 974 691 praeclarissime
1021 627 1148 673 sensit
1167 660 1180 681 ,
1228 627 1285 671 ita
1342 645 1465 690 mag-

190 736 325 780 nificis
365 736 452 779 fere
482 733 620 778 verbis
644 733 841 778 extollere
880 749 973 778 eam
1017 732 1135 780 solet.
1197 733 1322 778 Modo
1349 734 1464 778 enim

188 837 356 898 regibus
383 836 623 898 Spartanis,
667 836 825 898 saepius
853 836 977 881 dictis
994 869 1008 890 ,
1048 836 1311 896 propositum
1339 837 1465 880 fuisse

190 941 250 986 ait
278 944 364 987 τῶν
405 942 751 1000 παραδειγμάτων
792 944 839 985 τὸ
876 940 1074 990 κάλλιςον
1102 942 1173 984 καὶ
1200 940 1469 998 μεγαλοπρεα

186 1047 368 1098 πέςατον
384 1080 398 1101 ,
430 1048 477 1090 αἱ
503 1051 670 1105 πάτριοι
698 1050 843 1106 ῥῆτραι
872 1047 967 1104 περὶ
993 1040 1253 1104 σωφροσύνης
1279 1049 1352 1090 καὶ
1378 1049 1462 1091 ἶσό-

184 1170 332 1210 τητος,
376 1144 438 1199 ὧν
465 1159 627 1203 τούτοις
667 1154 745 1208 μὲν
784 1155 809 1195 0‘
847 1156 1119 1209 Λυκοῦργος,
1165 1153 1335 1220 ἐκείνοιςΙ
1365 1154 1409 1197 δὲ
1439 1157 1465 1197 ό

185 1260 351 1304 Πύθιος
375 1258 613 1313 βεβαιωτής“
644 1254 770 1299 modo
798 1253 1068 1299 Cleomenem
1102 1254 1250 1300 laudat
1269 1290 1280 1308 ,
1328 1254 1462 1299 Hera-

184 1356 361 1408 elidam,
393 1360 472 1410 τὴν
499 1361 677 1413 πάτριον
708 1356 926 1402 πολιτείαν
950 1356 1084 1414 ὥσπερ
1111 1359 1318 1415 ἁρμονίαν
1348 1358 1463 1403 ἐκλε-

182 1456 366 1513 λυμένην
407 1458 742 1515 ἀνακρουόμενον
782 1455 909 1509 αὖθις
940 1460 1008 1502 ἐπὶ
1036 1459 1111 1504 τὸν
1152 1462 1346 1517 σώφρονα
1388 1462 1458 1504 καὶ

179 1561 346 1615 Δώριον
374 1561 533 1605 ἐκεῖνον
570 1564 642 1605 τοῦ
674 1566 921 1619 Λυκούργου
959 1565 1087 1618 νόμον
1121 1564 1193 1606 καὶ
1231 1564 1341 1622 βίον.
1405 1564 1456 1608 In

178 1660 280 1722 ipsav
301 1661 485 1722 Lycurgi
524 1663 635 1716 vita,
661 1663 723 1725 *ab
749 1663 897 1707 eodem
924 1673 1094 1707 auctore
1125 1667 1384 1725 conscripta,
1417 1681 1456 1711 c.

179 1764 337 1811 XXXI.
368 1765 563 1826 leguntur
588 1764 694 1810 haec
711 1800 723 1819 ,
758 1780 894 1825 quae,
927 1765 1009 1808 nisi
1038 1765 1091 1810 ab
1130 1766 1299 1827 ingenio
1326 1766 1460 1811 admi-

177 1866 339 1910 ratione
366 1865 527 1925 repleto
546 1898 559 1919 ‚
605 1867 817 1925 proficisci
844 1882 1110 1928 nequaquam
1141 1876 1398 1928 potuerunt:
1435 1876 1459 1916 ὁ

175 1972 216 2014 δ’
247 1972 354 2028 ἔργῳ
388 1970 605 2015 πολιτείαν
646 1971 852 2026 οέμίμητον
890 1974 947 2021 εἷς
989 1972 1075 2025 φῶς
1107 1976 1456 2028 προενεγκάμενος

175 2078 248 2119 καὶ
286 2082 372 2127 τοῖς
412 2078 678 2133 ἀνύπαρκτον
717 2072 825 2120 εἶναι
864 2078 942 2129 τὴν
986 2074 1213 2130 λεγομένην
1249 2077 1342 2131 περὶ
1380 2078 1455 2121 τὸν

176 2182 304 2232 σοφὸν
343 2179 531 2223 διάθεσιν
572 2178 941 2237 ὑπολαμβάνουσιν
985 2177 1195 2228 ἐπιδείξας
1231 2178 1334 2235 ὅλην
1375 2183 1454 2235 τὴν

174 2279 301 2327 πόλιν
337 2281 664 2338 φιλοσοφοῦσαν,
710 2286 873 2335 εἰκότως
912 2286 1086 2343 ὑπερῆρε
1124 2290 1179 2342 ,τῇ
1221 2286 1324 2344 δοξῇ
1360 2290 1456 2339 τους

174 2385 343 2427 πώποτε
370 2385 745 2443 πολιτευσαμένους
772 2390 817 2433 ἐν
845 2393 932 2439 τοῖς
952 2387 1147 2445 εἘλλησι.
1209 2389 1358 2449 Neque
1380 2389 1453 2434 hic

176 2481 429 2528 omittendus
450 2486 617 2532 videtur
643 2488 759 2534 locus
776 2524 787 2542 ‚
822 2490 1012 2535 omnium
1039 2491 1215 2535 maxime
1240 2491 1450 2547 sublimis,

175 2585 360 2648 ejusdem
390 2587 498 2633 vitae
527 2605 570 2636 c.
606 2591 763 2638 XXIX.
795 2608 906 2653 qu0,
956 2595 1336 2655 quemadmodum,
1382 2611 1451 2640 se—
