1630 3217
790 313 842 353 21

169 453 392 514 aliquando
415 458 626 496 versaturo
647 484 664 503 ‚.
692 452 922 511 elegantior
952 460 1091 496 tamen
1115 459 1241 512 atque
1265 446 1446 498 or‘natior

168 558 213 599 in
244 555 423 606 dicendo
450 554 533 600 fuit
556 569 684 616 quam
712 555 926 600 nonnullis
957 556 1091 601 visum
1110 590 1121 609 ‚
1155 572 1203 600 ex
1233 573 1447 602 commen-

166 657 280 701 tariis
320 660 409 717 ejus
448 657 665 717 judicium
703 647 1050 714 instituentibus,
1098 675 1201 721 quos
1241 662 1376 708 obiter
1410 672 1450 706 et

162 760 319 820 raptim
336 794 348 816 ,
386 761 599 806 vocabulis
628 777 736 823 quae
765 764 811 808 in
831 763 966 809 solum
983 799 994 817 ,
1036 773 1084 809 ut
1124 764 1280 809 dicitur
1295 799 1307 819 ,
1341 781 1446 809 con-

160 861 389 921 scripserit.
454 862 652 924 Polybius
679 875 794 911 certe
821 868 867 911 in
909 868 1083 913 caeteris
1117 869 1268 929 quibus
1299 884 1443 929 praes-

158 965 293 1011 titerit
324 967 475 1013 Aratus
503 969 726 1016 virtutibus
744 1005 757 1024 ‚
805 971 891 1016 vim
933 987 1103 1032 quoque
1147 969 1319 1017 dicendi
1348 985 1443 1015 me-

156 1081 292 1117 morat
337 1072 374 1117 1)
391 1107 405 1126 ,
452 1088 589 1134 neque
634 1089 822 1136 unquam
848 1108 860 1128 ‚
924 1074 1064 1136 quoad
1119 1091 1169 1121 ex
1228 1078 1317 1136 ejus
1358 1074 1439 1120 vita

153 1185 314 1222 constat
330 1213 342 1231 ‚
375 1178 580 1222 oratoriae
607 1179 776 1223 virtutis
795 1178 939 1238 inopia
965 1178 1349 1239 opportunitatibus
1372 1177 1438 1221 vel

151 1276 404 1338 gravissimis
439 1277 593 1322 defuit.
649 1278 873 1335 ,Quantum
921 1288 1062 1324 autem
1105 1281 1239 1325 almae
1282 1280 1435 1332 matri,

150 1389 322 1425 naturae
338 1414 351 1434 ,
416 1389 459 1425 et
522 1380 639 1425 felici
683 1381 873 1440 ingenio,
933 1368 1139 1441 quantum
1197 1395 1295 1423 vero
1350 1380 1430 1423 arti

151 1484 382 1545 studiisque
403 1483 624 1537 debuerit,
655 1484 864 1528 incertum
889 1484 1069 1530 videtur.

204 1585 356 1632 Aratus
383 1586 512 1647 igitur
538 1587 583 1630 in
611 1586 842 1647 praeclaras
874 1596 983 1632 artes
1024 1587 1273 1632 incumbens
1289 1621 1300 1641 ,
1345 1587 1427 1631 Ar-

142 1690 203 1750 gis
233 1689 525 1743 adolescebat3
575 1703 698 1749 saepe
730 1690 843 1735 illius
880 1690 967 1734 diei
1008 1690 1261 1735 memoriam
1301 1706 1427 1735 reco-

140 1795 254 1850 lens,
303 1811 412 1857 quae
435 1803 650 1840 tantorum
674 1794 715 1838 ei
753 1794 964 1839 malorum
993 1809 1116 1839 causa
1145 1794 1282 1838 fuerat
1299 1825 1312 1847 ,
1346 1795 1428 1855 qua

138 1899 286 1960 gladiis
313 1899 402 1959 ipse
434 1898 756 1944 imminentibus
797 1899 865 1943 vix
905 1912 992 1943 sese
1037 1897 1267 1958 eripuerat.
1336 1896 1426 1942 Nec

135 2003 290 2046 mirum
325 2001 428 2044 adeo
457 2001 491 2044 si
519 2015 614 2044 acre
655 1999 851 2043 medullis
896 1999 1142 2057 conceperit
1181 1997 1417 2055 tyrannidis

136 2105 276 2149 odium
294 2138 306 2157 ‚
343 2103 538 2165 idemque
566 2102 733 2146 nonnisi
759 2101 811 2145 de
839 2109 987 2161 patre,
1033 2100 1184 2144 misere
1212 2099 1414 2145 interfec-

134 2216 201 2260 to,
235 2205 472 2251 ulciscendo
508 2205 645 2267 deque
676 2205 812 2267 patria
838 2221 865 2249 a
892 2205 1032 2249 servili
1054 2206 1156 2266 jugo
1196 2204 1418 2250 liberanda

130 2311 329 2357 sollicitus
360 2311 500 2355 fuerit.
585 2308 799 2355 Ciceronis
829 2308 966 2353 filium
998 2323 1040 2353 se
1064 2307 1272 2376 admirari*
1302 2307 1415 2351 Bru-

130 2425 195 2460 tus
235 2417 326 2470 ait,
369 2415 483 2477 quod
521 2415 603 2459 sive
647 2414 837 2474 vigilaret
869 2413 953 2458 sive
982 2411 1205 2458 somniaret
1251 2410 1413 2456 nonnisi

176 2631 205 2663 1)
256 2620 320 2654 IV.
348 2622 384 2657 8.
