1630 3217
802 221 859 262 38

188 362 355 421 φέρουσι
384 360 468 406 τῶν
503 362 788 418 ἐνεργημάτων
808 393 820 413 ,
854 361 956 417 πρὸς
985 361 1013 402 ἃ
1040 360 1116 416 μὲν
1149 360 1306 415 εὐφυῶς
1328 362 1465 419 ἔχειν,

189 472 290 525 πρὸς
319 470 347 509 ὁὶ
374 467 418 509 δὲ
450 468 676 519 ἐναντίως,
724 464 832 509 ἀλλὰ
869 468 940 507 καὶ
973 466 1066 523 περί
1096 482 1192 509 τινα
1220 467 1304 510 τῶν
1334 468 1469 520 όμοει..

186 572 271 614 δῶν
304 569 507 619 πολλάκις
546 572 619 613 τὸν
665 571 795 614 αὐτὸν
835 571 906 612 καὶ
939 575 1223 615 συνετώτατον
1256 567 1363 615 εἶναι
1396 573 1465 613 καὶ

186 671 450 729 βραδύτατον
469 704 481 724 ,
530 672 678 726 ὁμοίως
721 671 767 715 δὲ
797 675 869 715 καὶ
897 672 1204 739 τολμηρότατον
1233 676 1304 716 καὶ
1338 674 1472 717 δειλό-

183 775 325 816 τατον”
357 774 405 816 οὐ
438 773 658 830 παράδοξα
699 778 830 819 ταῦτά
868 792 913 828 γε
933 809 945 828 ,
994 781 1158 832 συνήθη
1186 777 1229 820 δὲ
1261 779 1330 820 καὶ
1359 780 1469 830 γνὼ-

184 893 285 931 ριμα
315 882 399 924 τοῖς
439 877 709 932 βουλομένοις
746 883 1047 945 συνεφιςάνειν“
1077 884 1188 931 τινὲς
1213 885 1290 937 μὲν
1320 885 1397 939 γὰρ
1428 886 1470 927 ἐν

185 983 279 1027 ταῖς
321 978 540 1032 κυνηγίαις
587 979 662 1020 εἰσὶ
704 978 901 1035 τολμηροὶ
947 981 1048 1036 πρὸς
1082 984 1157 1030 τὰς
1198 986 1283 1027 τῶν
1311 986 1471 1042 θηρίων

179 1084 504 1133 συγκαταςάσεις
522 1114 533 1132 ,
580 1082 620 1123 οἱ
650 1081 688 1124 δ’
706 1082 825 1124 αὐτοὶ
875 1084 976 1138 πρὸς
1006 1083 1119 1126 ὅπλα
1150 1087 1221 1126 καὶ
1251 1085 1469 1141 πολεμίους

181 1184 379 1235 ἀγεννεῖς
414 1186 485 1227 καὶ
517 1187 589 1237 τῆς
617 1201 661 1227 τε
703 1184 927 1239 πολεμικῆς
953 1186 1095 1243 ,χρείας
1113 1219 1126 1239 ,
1174 1191 1245 1240 τῆς
1270 1188 1362 1230 κατ’
1392 1191 1471 1232 ἃν-

180 1286 260 1343 δρα
290 1288 367 1342 μὲν
397 1288 484 1348 καὶΔ
497 1286 590 1330 κατ’
624 1286 739 1332 ἰδίαν
773 1287 947 1345 εὐχερεῖς
975 1289 1045 1331 καὶ
1072 1290 1321 1345 πρακτικοὶ,
1355 1295 1474 1346 κοινῇ

179 1389 224 1431 δὲ
284 1391 353 1431 καὶ
395 1392 499 1443 μετὰ
544 1389 766 1444 πολεμικῆς
813 1390 935 1432 ἐνίων
977 1389 1206 1448 συντάξεως
1231 1392 1468 1453 θἄπρακτοι.

183 1490 402 1535 variorum
430 1491 628 1551 deinceps
655 1490 909 1550 populorum
948 1488 1140 1549 exempla
1173 1489 1466 1540 memorando,

178 1595 427 1639 sententiam
464 1595 672 1639 illustrare
717 1608 833 1637 suam
873 1601 914 1636 et
959 1592 1140 1645 firmare,
1167 1591 1320 1638 studet.
1399 1592 1470 1636 Est

178 1705 320 1741 autem
363 1697 466 1740 haec
516 1697 736 1741 illustratio
787 1697 1053 1755 aliorumque
1093 1697 1138 1741 in
1183 1698 1308 1742 simili
1351 1700 1471 1742 causa

188 1801 445 1844 versantium
475 1800 643 1844 collatio
677 1816 723 1844 ea
742 1835 753 1853 ,
805 1802 886 1860 qua
925 1801 1107 1844 libenter
1133 1803 1470 1862 acquiescamuS,

183 1922 278 1950 cum
321 1907 510 1965 profecta
546 1922 569 1948 a
598 1906 686 1948 viro
716 1905 798 1957 sit,
837 1905 911 1980 (Jui
931 1939 942 1958 ,
988 1920 1114 1963 quam
1142 1902 1318 1965 diligens
1342 1905 1470 1949 fuerit

180 2019 221 2054 et
250 2024 369 2070 sagax
401 2008 552 2053 indolis
588 2008 843 2069 populorum
876 2016 918 2051 et
958 2015 1131 2051 naturae
1169 2005 1359 2051 universe
1388 2005 1468 2049 hu-

179 2130 327 2159 manae
361 2121 643 2173 perscrutator
662 2146 674 2166 ,
730 2112 961 2156 innumeris
1000 2112 1250 2170 scriptorum
1296 2123 1465 2163 suorum

182 2216 285 2259 locis
311 2215 517 2273 probavit.

240 2318 490 2365 Plutarchus
530 2319 654 2362 aliam
697 2320 805 2372 sibi,
862 2330 908 2364 ut
955 2335 1044 2364 rem
1088 2320 1310 2380 expediat,
1359 2321 1464 2364 viam

183 2422 499 2481 ingrediendam
547 2436 632 2466 esse
685 2422 860 2467 censuit.
933 2423 1150 2482 Ingeniose
1193 2424 1377 2483 primum
1419 2440 1468 2468 ex

179 2525 426 2594 animalium
449 2542 577 2588 regno
607 2527 741 2571 sumta
772 2525 1075 2594 similitudine,
1109 2527 1166 2573 ita
1197 2529 1362 2589 pergit:
1397 2530 1468 2571 καὶ
