1630 3217
781 263 865 305 141

175 404 424 450 ''illius'basis
451 412 786 457 contremuerat,
821 404 1085 447 inconcussus
1096 403 1185 462 ipse
1199 412 1459 459 manere-po-

183 510 304 554 tuit?
376 509 512 553 Immo
556 524 579 551 e
606 507 851 567 »longinquo
894 504 1123 565 procellam
1166 505 1459 551 imminentem

184 614 417 673 prospexit,
456 622 528 665 et,
568 613 660 670 jam
701 619 793 654 tum
840 609 1052 669 incognito
1082 607 1266 669 quodam
1289 609 1461 655 horrore

183 714 399 774 perfusum
429 720 576 774 peetus
609 712 750 759 sensit.

232 816 490 861 -Cleomenes
505 850 519 870 ,
550 817 691 862 solerti
718 798 888 861 consilio
918 832 1014 862 usus
1032 851 1044 871 ,
1081 798 1275 877 agrorum
1297 816 1467 862 divisio-

182 934 279 963 nem
302 918 624 979 debitorumque
636 918 947 972 remissionem,
982 927 1198 979 tamquam
1213 918 1464 961 defectionis

182 1022 417 1067 mercedem
435 1056 446 1075 ,
465 1029 673 1067 ostentans
690 1056 703 1077 ,
737 1022 889 1069 multas
899 1023 989 1082 jam
1004 1057 1016 1075 ‚
1034 1031 1081 1067 ut
1096 1023 1278 1067 vidimus
1293 1023 1367 1076 ,in
1383 1023 1461 1067 Pe-

176 1130 405 1190 loponneso
433 1130 620 1173 civitates
649 1129 702 1172 ad
731 1144 821 1172 suas
849 1137 988 1187 partes
1016 1128 1271 1174 traduxerat.
1334 1126 1456 1171 Man-

180 1231 437 1275 tineensibus
473 1247 571 1276 eum
606 1247 752 1276 revera
796 1230 905 1290 leges
937 1248 1028 1276 suas
1057 1241 1100 1278 et·
1124 1231 1342 1292 regiminis
1368 1231 1462 1275 for-

177 1348 290 1376 mam
318 1331 546 1375 reddidisse
565 1330 820 1377 Plutarchus
848 1333 978 1378 tradit
1015 1334 1071 1381 ¹).
1135 1333 1280 1394 Argivi
1299 1342 1456 1389 autem,

178 1436 339 1481 tabulas
362 1451 487 1481 novas
514 1443 748 1496 sperantes,
797 1452 930 1496 quum
949 1445 1102 1481 ,votum
1128 1437 1178 1481 iis
1206 1452 1289 1479 non
1317 1437 1456 1480 statim

178 1540 417 1599 implesset,
450 1540 602 1585 iterum
620 1541 674 1585 ab
700 1556 749 1584 eo
771 1541 1035 1586 desciverunt
1072 1539 1128 1587 2).
1164 1540 1276 1597 Quin
1298 1542 1457 1601 justam

177 1644 378 1704 plurimi,
424 1652 470 1687 ut
510 1644 674 1689 disertis
708 1644 845 1688 verbis
873 1644 1032 1688 notavit
1060 1638 1174 1686 idem
1193 1677 1203 1696 ‚
1239 1641 1460 1686 Lacedae-

176 1745 414 1789 moniorum
440 1745 691 1805 petitionem
710 1745 806 1789 ideo
835 1745 1135 1798 aestimabant,
1169 1743 1285 1804 quod
1305 1743 1358 1787 ad
1372 1743 1458 1787 avi-

175 1857 261 1893 tam
300 1848 479 1907 formam
517 1847 846 1906 Peloponnesum
869 1862 911 1891 se
935 1847 1174 1891 redacturos
1200 1847 1458 1905 profiteren-

173 1958 242 1993 tur
278 1948 332 1995 3).
394 1948 465 1993 Sic
492 1949 721 1993 laceratum
745 1948 891 1994 foedus
922 1957 964 1993 et
990 1950 1043 1992 ab
1075 1949 1189 1992 omni
1215 1958 1334 2008 parte
1351 1964 1452 1993 con-

176 2067 339 2096 cussum
393 2051 559 2096 ruinam
601 2051 836 2095 minabatur
870 2068 881 2106 ;
926 2051 985 2095 sie
1003 2086 1014 2105 ,
1057 2065 1135 2111 pro
1182 2051 1457 2112 Peloponnesi

175 2154 427 2208 concordia,
467 2155 723 2216 aequalitate
755 2154 1043 2217 populorum,
1091 2155 1259 2217 optimis
1294 2155 1457 2218 legibus

174 2256 564 2322 humanissimisque
612 2260 814 2306 institutis
869 2260 1031 2306 firmata
1087 2268 1214 2323 atque
1276 2260 1456 2321 sancita,

227 2439 264 2473 ¹)
306 2439 351 2474 V.
379 2439 511 2476 Cleom.
539 2456 569 2478 c.
595 2443 691 2480 XIV.

218 2510 252 2544 2)
299 2509 353 2546 lb.
381 2523 414 2546 c.
441 2511 513 2548 XX.

204 2592 249 2627 3)
296 2592 326 2616 c-
353 2579 446 2618 XVI·
