1630 3217
762 292 847 336 155

159 435 359 480 mutando
378 435 638 497 reipublicae
665 442 777 479 statu
794 469 807 490 ‚
840 429 975 495 egisse'
995 432 1100 478 dicit
1116 467 1129 488 ,
1162 429 1444 477 trucidantem

158 538 348 598 Ephoros
394 547 562 599 praeter
600 539 671 597 jus
709 538 853 598 fasque
869 568 882 589 ,
929 550 1033 597 quos
1094 537 1161 580 vel
1202 535 1253 580 ad
1306 545 1443 597 partes

154 659 246 687 suas
291 643 521 703 adjungere
549 675 562 695 ,
624 640 750 684 armis
800 641 1016 702 superior,
1069 641 1165 696 vel,
1211 641 1439 687 multorum

151 747 281 792 instar
299 780 312 801 ,
344 748 389 791 in
418 747 588 791 exilium
619 742 789 790 mittere
818 746 943 791 facile
953 745 1171 806 potuisset.
1234 747 1296 789 Τὸ
1325 726 1434 802 γὰρ’,

148 849 208 894 ita
246 850 492 911 subjungit,
532 854 635 897 ἄνευ
673 855 744 908 τῆς
783 853 956 922 ἐσχάτης
995 852 1184 907 ἀνάγκης
1227 850 1438 914 ἐπιφέρειν

151 956 321 1013 σίδηρον
353 955 440 1000 οὔτ’
471 958 657 1014 ἰατρικὸν
701 959 795 1001 οὔτε
839 956 1059 999 πολιτικὸν
1102 953 1197 997 ἀλλ’
1242 951 1437 1009 ἀτεχνίας

148 1058 226 1112 μὲν
255 1058 496 1116 ἀμφότερα,
529 1064 665 1117 τούτῳ
691 1059 737 1104 δὲ
769 1060 842 1103 καὶ
879 1060 926 1102 τὸ
955 1058 1117 1104 ἀδικεῖν
1145 1056 1234 1113 μετ’
1271 1054 1436 1110 ὠμότη-

152 1175 223 1209 τος
252 1162 443 1217 πρόσεςιν
478 1159 531 1207 ¹).
572 1182 626 1191 ··-

203 1489 428 1547 Polybium
455 1504 579 1549 supra
605 1489 783 1532 invitum
800 1521 813 1541 ,
863 1459 979 1532 haud
1005 1503 1088 1532 una
1116 1488 1160 1532 in
1185 1502 1255 1541 re,
1299 1485 1427 1530 Cleo-

147 1593 280 1636 menis
308 1592 408 1637 laud
443 1602 605 1638 atorem
641 1593 800 1637 vocavi.
864 1592 919 1638 Et
946 1609 1069 1646 vero,
1101 1591 1227 1652 hujus
1251 1591 1431 1637 auctoris

140 1693 192 1738 de
227 1711 324 1755 rege
367 1695 574 1756 Spartano
615 1696 769 1741 tradita
811 1706 1010 1758 reputans
1028 1731 1041 1751 ,
1089 1698 1142 1740 ab
1183 1711 1264 1740 una
1309 1702 1429 1756 parte

137 1798 314 1856 flagrans
357 1798 537 1852 odium,
595 1800 647 1843 ab
689 1800 819 1844 altera
861 1805 1057 1862 magnam
1101 1801 1309 1846 dominari
1352 1801 1430 1845 viri

138 1898 463 1944 admirationem
493 1915 656 1948 cernes,
718 1902 918 1961 Polybius
949 1902 1110 1962 duplici
1139 1904 1320 1947 maxime
1350 1919 1428 1945 no-

135 2007 251 2049 mine
287 2006 473 2049 infensus
499 2004 717 2050 Cleomeni
743 2014 832 2050 erat
853 2026 862 2051 ε
899 2006 1088 2067 primum
1105 2040 1116 2058 ‚
1152 2005 1251 2066 quia
1279 2003 1426 2049 foedus

136 2106 369 2151 Achaicum
388 2140 399 2160 ,
416 2108 529 2168 quod
550 2110 675 2154 tantis
691 2110 763 2153 ille
779 2110 1062 2155 celebraverat
1077 2110 1270 2156 laudibus
1284 2112 1425 2171 cujus·

135 2228 217 2273 que
242 2214 331 2275 ipse
354 2213 578 2275 aliquando
608 2230 701 2276 pars
726 2230 876 2277 magna
905 2215 1042 2260 fuerat
1064 2212 1104 2260 2>
1122 2247 1134 2267 ,
1156 2225 1397 2275 oppugnare
1412 2246 1423 2266 ,

180 2371 213 2409 ¹)
262 2376 314 2408 In
336 2371 612 2422 'comparatione
648 2391 726 2415 cum
765 2379 934 2415 Gracchis
973 2392 1003 2415 c.
1043 2380 1116 2416 IV.
1152 2380 1200 2425 cf.
1228 2379 1271 2414 V.
1297 2380 1368 2414 Ar.
1393 2390 1423 2412 c.

137 2440 381 2479 XXXVIII,

179 2510 213 2542 2)
261 2509 315 2546 De
340 2510 483 2558 Polybii
509 2514 545 2549 in
567 2514 724 2552 Achaeos
753 2516 892 2553 meritis
914 2516 1173 2563 honoribusque
1193 2523 1376 2564 propterea
1391 2512 1424 2549 ei

134 2575 263 2613 oblatis
299 2578 378 2613 vide
414 2581 618 2616 testimonia
652 2591 836 2625 veterum,
877 2598 963 2632 quae
1003 2585 1144 2630 collegit
1179 2583 1423 2630 Schweigh'a‘u-

138 2658 236 2681 serus
266 2646 482 2683 etEditioni
508 2661 590 2684 suae
615 2650 757 2696 Polybii
782 2652 840 2688 vol
868 2653 913 2688 V.
938 2653 1135 2699 praemisit.
