1630 3217
803 296 863 337 85

187 440 220 487 si
245 454 318 487 suo
344 438 550 500 arbitratu
577 435 737 480 bellum
769 434 1081 479 administraret
1095 463 1121 483 ,.
1141 428 1317 474 victoria
1340 427 1462 471 facile

184 546 438 606 potiretur,>
480 539 711 600 Megistono
760 537 909 595 vitrico
964 534 1212 595 significavit
1230 567 1241 588 ,
1294 533 1464 577 sublatis

188 646 368 706 Ephoris
386 678 400 699 ‚
432 646 541 689 bona
560 643 732 706 ,civibus
758 645 814 688 in.
830 657 1051 688 commune
1075 657 1161 687 esse
1186 641 1434 684 conferenda
1449 674 1481 691 ,A

187 758 257 802 et,
306 748 482 809 pristina
507 746 762 811 aequalitate
789 748 979 793 restituta
998 782 1010 802 ,
1055 747 1252 809 Spartam
1280 762 1365 791 esse
1394 762 1465 791 ex-

188 851 428 905 citandam,
478 860 519 896 et
562 867 659 896 vero
701 852 959 898 evehendam
1004 851 1060 906 ad*
1103 851 1231 896 totius
1273 850 1468 895 Graeciae

187 956 491 1017 principatum.
573 955 664 1013 Quo
712 955 970 1001 adsentiente
997 989 1008 1008 ,
1054 954 1234 999 duobus
1286 953 1470 998 tribusve

187 1059 331 1104 amicis
375 1058 604 1112 adhibitis,
653 1073 754 1103 rem
785 1058 928 1104 statim
969 1057 1226 1118 adgreditur.
1291 1055 1361 1100 Illi
1382 1057 1474 1115 jam

188 1162 299 1206 cives
318 1196 331 1215 ,
365 1178 467 1223 quos
503 1162 697 1205 instituto
728 1177 802 1205 suo
832 1163 1110 1221 refragaturos
1147 1161 1327 1205 maxime
1373 1176 1471 1206 cen-

187 1266 301 1311 sebat
319 1300 329 1319 ‚
378 1265 510 1326 longis
541 1265 790 1320 itineribus,
830 1265 911 1311 hac
938 1265 1033 1310 illac
1053 1300 1065 1321 ,
1098 1265 1242 1312 solerti
1269 1264 1484 1316 consilio„

189 1370 432 1430 defatigati,
464 1379 512 1415 ut
532 1372 577 1415 in
593 1370 776 1417 Arcadia
791 1380 1057 1418 remanerent
1073 1406 1084 1425 ,
1119 1373 1364 1433 flagitabant
1379 1371 1476 1434 ple-

188 1472 328 1534 rique.
391 1473 487 1532 Ipse
516 1472 644 1533 igitur
670 1488 769 1527 cum
801 1475 1072 1520 mercenariis
1100 1475 1306 1520 militibus
1342 1475 1474 1536 Spar-

189 1585 277 1623 tam
302 1577 426 1639 petiit
442 1610 460 1631 2
488 1577 618 1639 inque
659 1578 809 1624 itinere
825 1613 838 1633 ,
883 1578 1037 1640 quibus
1072 1580 1252 1625 maxime
1283 1580 1472 1636 fidebat,

188 1682 354 1743 aperuit
388 1682 627 1747 consilium.
706 1681 871 1730 Deinde
915 1683 1066 1727 sensim
1103 1697 1340 1743 progressus
1382 1692 1443 1727 est
1463 1717 1486 1737 ,‚

188 1787 233 1831 in
278 1789 407 1832 coemi
461 1785 653 1848 Ephoros
705 1786 1063 1849 deprehensurus·
1129 1785 1316 1843 Quatuor
1364 1785 1475 1829 ferro

188 1890 418 1933 interemti.
482 1890 631 1948 Unus,
677 1890 849 1933 vulnere
891 1898 1088 1948 accepto,
1133 1897 1339 1946 superstes
1375 1889 1472 1934 fuit.

188 1990 250 2036 Ex
273 1990 355 2036 illis
374 2023 386 2044 ,
430 1991 505 2051 qui
546 1991 598 2036 ad
640 1990 841 2037 auxilium
882 1991 1140 2036 afferendum
1179 2000 1444 2039 accurrerant
1459 2025 1483 2046 ‚,

191 2094 340 2140 decem
384 2094 509 2140 caesi.
574 2094 880 2142 Abstinuerunt
919 2111 942 2138 a
983 2096 1295 2157 quiescentibus
1334 2112 1481 2158 neque,

189 2213 238 2242 ex
266 2199 370 2243 urbe
397 2199 657 2259 egredientes
685 2197 1010 2260 prohibuerunt.

252 2303 356 2351 Ortzi
371 2306 466 2351 luce
484 2303 728 2352 Cleomenes
743 2304 956 2367 octoginta
971 2304 1082 2353 cives
1104 2304 1370 2366 proscripsit,
1397 2304 1477 2351 sel-

190 2407 323 2468 lisque
349 2409 619 2470 Ephororum
645 2409 817 2457 remotis
837 2444 850 2465 ‚
895 2424 1023 2454 unam
1050 2407 1253 2470 reliquit,
1303 2409 1384 2469 qua
1414 2423 1477 2453 se-

192 2509 292 2554 dens
333 2509 420 2569 ipse
454 2514 524 2570 jus
580 2514 757 2560 diceret.
836 2514 986 2574 Populi
1043 2512 1197 2556 deinde
1255 2512 1474 2557 convocata

193 2613 394 2657 concione
413 2646 423 2665 ,
459 2614 694 2658 orationem
717 2616 892 2668 habuit,
925 2618 1006 2676 qua
1037 2617 1080 2660 in
1104 2615 1367 2676 Ephororum
1396 2616 1482 2660 im>
