1630 3217
824 333 910 378 156

228 473 416 516 omnium
456 472 610 516 virium
652 476 923 521 contentione
972 477 1157 533 studuit3
1207 478 1304 524 dein
1322 515 1334 534 ‚
1385 484 1498 542 quod

221 576 351 636 ipsius
376 576 584 636 patriam,
630 576 910 638 Megalopolin
930 613 943 633 ,
989 580 1115 625 fidem
1150 596 1247 625 cum
1286 582 1464 629 Achaeis
1482 619 1493 639 ,

220 693 353 739 usque
381 680 434 725 ad
459 681 690 742 perniciem
718 697 836 727 suam
853 717 866 737 ,
900 683 1107 730 colentem
1125 718 1138 738 ‚
1183 686 1299 729 tanta
1317 718 1329 739 ,
1360 703 1497 748 prop-

219 793 284 829 ter
312 783 358 828 id
385 784 548 845 ipsum,
582 785 843 830 immanitate
867 792 1140 843 tractaverat,
1187 790 1314 839 οὕτως
1341 791 1498 847 πικρῶς

220 888 431 946 διέφθειρε
454 890 523 931 καὶ
554 888 763 942 δυσμενῶς
785 885 863 935 ὥςε
892 888 992 943 μηδ’
1015 889 1181 934 ἐλπίσαι
1206 890 1368 947 μηδένα
1390 890 1497 934 διότι

218 988 382 1034 δύναιτ’
423 990 479 1034 ἄν
517 992 835 1043 συνοικισθῆναι
874 988 1005 1034 πάλιν
1044 990 1099 1038 ¹).
1174 993 1294 1048 Quod
1339 994 1494 1054 igitur,

216 1093 263 1135 in
290 1093 412 1136 rebus
441 1090 717 1135 Cleomenicis
741 1091 1050 1151 perscribendis
1066 1126 1078 1147 ,
1111 1095 1290 1137 Aratum
1316 1097 1495 1140 maxime

215 1197 335 1258 sequi
366 1196 629 1242 constituerit
649 1202 874 1256 partesque
900 1196 1012 1256 ejus,
1045 1194 1177 1240 nimio
1200 1194 1273 1239 illo
1291 1228 1303 1248 ,
1337 1194 1390 1239 de
1411 1211 1494 1256 quo

215 1300 395 1344 vidimus
414 1333 425 1353 ,
473 1299 611 1344 studio
654 1299 786 1343 fuerit
829 1299 1065 1361 amplexus,
1113 1314 1252 1343 nonne
1297 1298 1395 1343 odio
1433 1299 1495 1342 illi

215 1403 397 1446 maxime
433 1401 707 1465 tribuendum
745 1400 973 1444 videatur?
1012 1424 1066 1430 —-
1108 1400 1192 1444 Sed
1232 1403 1343 1444 varia
1370 1401 1495 1462 hujus

211 1503 394 1548 auctoris
423 1502 476 1546 de
507 1501 735 1546 Cleomene
755 1501 920 1560 judicia
946 1502 1223 1549 conseramus,

274 1610 404 1655 Libro
429 1607 490 1655 ΙΙ.
521 1622 561 1655 c.
594 1609 666 1652 47.
698 1606 757 1651 sic
785 1604 960 1651 scribit:
996 1606 1077 1663 ἤδη
1104 1606 1143 1651 δ’
1174 1608 1243 1651 ἐπὶ
1264 1581 1393 1653 ποσὸν
1421 1612 1493 1652 τοῦ

211 1714 396 1770 πολέμου
424 1715 730 1773 προβαίνοντος
760 1716 832 1756 καὶ
872 1716 944 1757 τοῦ
974 1715 1051 1770 μὲν
1082 1713 1344 1770 Κλεομένους
1372 1719 1419 1758 τό
1448 1733 1492 1759 τε

210 1820 388 1873 πάτριον
412 1814 643 1870 πολίτευμα
668 1814 982 1865 καταλύσαντος
1010 1817 1080 1858 καὶ
1105 1818 1183 1870 τὴν
1210 1817 1386 1872 ἔννομον
1408 1820 1491 1877 βα-

208 1918 368 1964 σιλείαν
390 1920 447 1969 εἰς
472 1917 706 1975 τυραννίδα
728 1921 1033 1973 μεταςήσαντος
1048 1916 1132 1975 rlq.
1166 1916 1334 1962 Avitam
1362 1918 1490 1978 igitur

205 2022 466 2082 reipublicae
494 2022 674 2065 formam
720 2035 982 2081 regnumque
1020 2021 1256 2082 legitimum
1297 2039 1488 2067 commu-

204 2136 310 2172 tasse
357 2141 453 2171 eum
494 2126 539 2168 in
578 2123 847 2183 tyrannidem
883 2140 1060 2186 eamque
1104 2125 1410 2170 acerbissimam
1448 2129 1485 2185 2)

203 2226 438 2274 contendit.
513 2226 645 2287 Atqui
682 2227 842 2288 priscus
889 2227 961 2273 ille
1006 2236 1048 2272 et
1093 2228 1303 2288 legitimus
1344 2244 1483 2274 rerum

251 2388 286 2425 ¹>
332 2388 377 2424 L.
400 2387 452 2423 11.
477 2391 537 2423 55.
560 2389 607 2424 V.
630 2391 691 2425 93.
724 2391 771 2426 cf.
805 2390 853 2425 V.
889 2390 1023 2427 Cleom.
1060 2405 1092 2428 c.
1130 2391 1401 2430 XXIII—XXV.
1434 2394 1481 2431 V.

199 2455 489 2505 Philopoemenis
522 2469 553 2492 c.
579 2456 625 2492 V.
672 2456 726 2493 De
760 2458 888 2501 Arato,
914 2458 998 2496 lites
1024 2460 1119 2497 inter
1141 2462 1480 2511 Megalopolitanos,

199 2525 300 2562 urbis
326 2524 577 2561 instaurandae
599 2527 862 2573 opportunitate
913 2529 1079 2573 obortas,
1117 2542 1363 2580 componente,
1402 2534 1482 2570 vide

200 2596 333 2641 Polyb.
357 2594 400 2627 V.
427 2596 485 2631 93.

238 2663 282 2698 ’2)
332 2661 387 2699 Cf.
412 2662 472 2699 lx.
497 2664 556 2699 23.
