1630 3217
812 311 873 351 39-

189 453 371 510 δεινότης
401 454 464 503 τίς
495 455 581 500 εἰςιν
613 453 845 507 ἀνθρώπου
872 451 947 493 καὶ
968 454 1123 497 σύνεσις
1146 452 1190 492 ἐν
1222 453 1309 497 τοῖς
1337 450 1465 491 ὑπαί-

189 563 308 615 θροις
350 558 422 600 καὶ
464 552 854 610 διακεκηρυγμένοις
895 551 1144 608 εὐτάρακτος
1174 554 1288 604 φύσει
1306 583 1319 604 ,
1367 552 1468 607 πρὸς

190 660 236 703 δὲ
262 662 336 708 τὰς
363 661 611 714 ἐπικρύφους
627 658 698 700 καὶ
715 656 950 712 λαθραίους
966 655 1264 711 ἀναθαρσοῦσα
1286 654 1466 711 πράξεις.

194 761 245 804 In
275 761 392 818 cujus
414 758 716 803 inconstantiae
739 772 906 808 causam
928 757 1050 802 altius
1075 756 1326 817 inquirendo
1345 790 1356 809 ,
1383 771 1471 800 rem

192 869 272 912 hoc
295 867 421 912 modo
450 867 657 928 explicat:
710 869 786 921 τὴν
817 866 862 911 δὲ
897 870 1098 920 τοιαύτην
1128 864 1373 918 ἀνωμαλίαν
1400 864 1471 907 ἔν-

194 973 285 1015 δεια
314 972 439 1025 λόγου
469 971 694 1027 φιλοσόφου
723 971 817 1026 περὶ,
849 971 923 1019 τὰς
967 967 1141 1021 εὐφυΐας
1172 964 1470 1021 ἀπεργάζεται,

192 1077 269 1129 τὴν
282 1076 474 1132 κάρετὴν,
524 1073 656 1130 ὥσπερ
687 1073 850 1130 καρπὸν
882 1072 1071 1125 αὐτοφυῆ
1104 1070 1175 1120 καὶ
1204 1069 1471 1125 ἀγεώργητον

196 1177 420 1233 ἐκφέρουσα
436 1210 449 1230 ,
483 1177 582 1233 δίχα
611 1179 682 1228 τῆς
713 1178 924 1229 ἑπιςήμης.
990 1172 1153 1229 Quibus
1178 1171 1344 1226 verbis,
1375 1170 1475 1217 Plu-

197 1278 389 1320 tarchum
416 1278 450 1319 si
479 1278 561 1320 rite
589 1277 710 1336 capio
731 1310 741 1329 ‚
791 1276 919 1322 Arato
946 1277 999 1320 ad
1026 1277 1227 1320 virtutem
1254 1274 1486 1326 militarem

196 1381 411 1441 praeclaro
443 1398 466 1425 a
493 1390 641 1426 natura
670 1382 871 1427 instinctu
899 1382 1091 1443 praedito
1110 1417 1120 1435 ,
1163 1380 1389 1443 quominus
1410 1379 1482 1429 illa

196 1484 240 1526 in
271 1484 415 1545 quovis
446 1455 548 1528 belli
574 1498 725 1543 genere
749 1483 829 1528 sibi
858 1492 1094 1536 constaret,
1143 1483 1342 1528 scientiae
1369 1482 1482 1527 mili-

197 1583 295 1628 taris
338 1584 526 1644 inopiam
553 1583 758 1630 obstitisse
799 1586 1017 1646 significat.
1085 1585 1220 1643 Quam
1259 1586 1479 1632 scientiam

199 1687 250 1731 ad
271 1686 562 1749 philosophiae
591 1705 760 1751 quoque
791 1706 968 1752 regnum
1007 1692 1219 1752 pertinere
1238 1726 1249 1745 ,
1283 1707 1359 1751 pro
1387 1692 1481 1735 vin-

199 1793 321 1847 culo,
369 1795 482 1853 quod
513 1795 625 1840 inter
653 1810 795 1840 omnes
825 1773 1076 1861 cognitionis
1105 1796 1313 1840 humanae
1346 1804 1483 1856 partes

197 1895 420 1938 intercedit
460 1898 718 1951 arctissimo,
766 1907 947 1944 statuere
978 1914 1142 1944 summo
1172 1902 1271 1960 jure
1300 1907 1479 1961 poterat.

194 1993 307 2048 Sed,
354 2004 408 2039 ut·
431 1997 475 2039 in
502 1996 663 2041 diversa
693 2000 912 2059 utriusque
943 2002 1124 2045 auctoris
1153 2002 1358 2045 sententia
1386 2009 1480 2044 utra

198 2113 293 2141 vera
319 2069 512 2145 habetida
538 2099 617 2153 sit,
639 2099 865 2145 decernere
893 2116 1029 2162 neque
1056 2102 1183 2148 velim
1211 2117 1349 2164 neque
1383 2117 1481 2147 om-

200 2201 299 2244 nino
340 2201 517 2260 possim,
566 2202 610 2245 in
656 2203 846 2247 universo
887 2212 1028 2250 tamen
1062 2205 1277 2250 Plutarchi
1317 2207 1481 2267 judicio

199 2317 258 2352 est
274 2343 285 2361 ‚
318 2309 430 2369 quod
448 2309 656 2354 desideres
681 2311 923 2371 mirumque
952 2320 1065 2355 certe
1090 2310 1291 2354 acciderit
1315 2311 1349 2352 si
1374 2325 1479 2354 cau-n

200 2425 240 2452 sa
259 2445 271 2463 ,
320 2412 373 2455 ab
400 2428 450 2455 eo
489 2413 638 2468 allata,
683 2415 855 2474 fugisset
893 2414 1119 2472 Polybium
1134 2440 1147 2468 -‚
1196 2408 1248 2458 ad
1283 2413 1478 2473 hujusce-

201 2513 316 2556 modi
343 2518 534 2574 profecto
560 2519 821 2579 quaestiones
849 2520 1061 2580 agitandas
1083 2520 1217 2565 multo
1248 2520 1451 2579 aptiorem
1467 2552 1479 2570 ,

205 2636 299 2665 cum
329 2621 571 2680 praesertim
612 2623 656 2665 in
684 2624 797 2669 illius
824 2624 1096 2685 problematis
1127 2624 1331 2670 solutione
1359 2622 1480 2666 docte
