<?xml version="1.0" encoding="UTF-8"?>
<!DOCTYPE html PUBLIC "-//W3C//DTD XHTML 1.0 Transitional//EN"
    "http://www.w3.org/TR/xhtml1/DTD/xhtml1-transitional.dtd">
<html xmlns="http://www.w3.org/1999/xhtml" xml:lang="en" lang="en">
 <head>
  <title>
</title>
<meta http-equiv="Content-Type" content="text/html;charset=utf-8" />
  <meta name='ocr-system' content='tesseract 3.04.00' />
  <meta name='ocr-capabilities' content='ocr_page ocr_carea ocr_par ocr_line ocrx_word'/>
</head>
<body>
  <div class='ocr_page' id='page_1' title='image "4737160_0116.png"; bbox 0 0 1630 3217; ppageno 0'>
   <div class='ocr_carea' id='block_1_1' title="bbox 802 262 857 312">
    <p class='ocr_par' dir='ltr' id='par_1_1' title="bbox 802 262 857 312">
     <span class='ocr_line' id='line_1_1' title="bbox 802 262 857 312; baseline 0 0"><span class='ocrx_word' id='word_1_1' title='bbox 802 262 857 312; x_wconf 81' lang='lat'><strong>89</strong></span> 
     </span>
    </p>
   </div>
   <div class='ocr_carea' id='block_1_2' title="bbox 195 394 1492 2542">
    <p class='ocr_par' dir='ltr' id='par_1_2' title="bbox 195 394 1492 1915">
     <span class='ocr_line' id='line_1_2' title="bbox 198 394 1476 464; baseline -0.009 -13"><span class='ocrx_word' id='word_1_2' title='bbox 198 407 259 451; x_wconf 80' lang='lat' dir='ltr'><strong>vir</strong></span> <span class='ocrx_word' id='word_1_3' title='bbox 285 420 424 452; x_wconf 90' lang='lat' dir='ltr'><strong>rerum</strong></span> <span class='ocrx_word' id='word_1_4' title='bbox 456 404 644 464; x_wconf 78' lang='lat' dir='ltr'><strong>civilium</strong></span> <span class='ocrx_word' id='word_1_5' title='bbox 668 402 943 462; x_wconf 85' lang='lat' dir='ltr'><strong>peritissimus</strong></span> <span class='ocrx_word' id='word_1_6' title='bbox 963 435 975 454; x_wconf 92' lang='lat'><strong><em>,</em></strong></span> <span class='ocrx_word' id='word_1_7' title='bbox 1010 398 1177 460; x_wconf 89' lang='lat' dir='ltr'><strong>quando</strong></span> <span class='ocrx_word' id='word_1_8' title='bbox 1208 397 1322 441; x_wconf 83' lang='lat' dir='ltr'><strong>varia</strong></span> <span class='ocrx_word' id='word_1_9' title='bbox 1354 394 1476 456; x_wconf 76' lang='lat' dir='ltr'><strong>hujus</strong></span> 
     </span>
     <span class='ocr_line' id='line_1_3' title="bbox 195 493 1480 568; baseline -0.012 -8"><span class='ocrx_word' id='word_1_10' title='bbox 195 511 465 560; x_wconf 82' lang='lat' dir='ltr'><strong>Paeninsulae</strong></span> <span class='ocrx_word' id='word_1_11' title='bbox 493 508 683 568; x_wconf 80' lang='lat' dir='ltr'><strong>membra</strong></span> <span class='ocrx_word' id='word_1_12' title='bbox 713 508 765 554; x_wconf 67' lang='lat' dir='ltr'><strong>in.</strong></span> <span class='ocrx_word' id='word_1_13' title='bbox 788 521 922 553; x_wconf 88' lang='lat' dir='ltr'><strong>unum</strong></span> <span class='ocrx_word' id='word_1_14' title='bbox 942 493 1088 549; x_wconf 47' lang='lat' dir='ltr'><strong>&amp;eluti</strong></span> <span class='ocrx_word' id='word_1_15' title='bbox 1130 514 1279 564; x_wconf 89' lang='lat' dir='ltr'><strong>corpus</strong></span> <span class='ocrx_word' id='word_1_16' title='bbox 1303 499 1480 546; x_wconf 66' lang='lat' dir='ltr'><strong>coaluis-</strong></span> 
     </span>
     <span class='ocr_line' id='line_1_4' title="bbox 198 603 1479 671; baseline -0.012 -8"><span class='ocrx_word' id='word_1_17' title='bbox 198 627 287 663; x_wconf 85' lang='lat' dir='ltr'><strong>sent</strong></span> <span class='ocrx_word' id='word_1_18' title='bbox 304 650 315 671; x_wconf 87' lang='lat'>‚</span> <span class='ocrx_word' id='word_1_19' title='bbox 363 617 417 661; x_wconf 88' lang='lat' dir='ltr'><strong>ab</strong></span> <span class='ocrx_word' id='word_1_20' title='bbox 451 614 568 659; x_wconf 88' lang='lat' dir='ltr'><strong>omni</strong></span> <span class='ocrx_word' id='word_1_21' title='bbox 599 626 692 657; x_wconf 86' lang='lat' dir='ltr'><strong>eam</strong></span> <span class='ocrx_word' id='word_1_22' title='bbox 723 618 960 655; x_wconf 85' lang='lat' dir='ltr'><strong>exterorum</strong></span> <span class='ocrx_word' id='word_1_23' title='bbox 989 606 1174 653; x_wconf 90' lang='lat' dir='ltr'><strong>hostium</strong></span> <span class='ocrx_word' id='word_1_24' title='bbox 1203 605 1363 666; x_wconf 88' lang='lat' dir='ltr'><strong>impetu</strong></span> <span class='ocrx_word' id='word_1_25' title='bbox 1386 603 1479 671; x_wconf 81' lang='lat' dir='ltr'><strong>fore</strong></span> 
     </span>
     <span class='ocr_line' id='line_1_5' title="bbox 198 707 1478 774; baseline -0.01 -10"><span class='ocrx_word' id='word_1_26' title='bbox 198 717 463 764; x_wconf 85' lang='lat' dir='ltr'><strong>tutissimam.</strong></span> <span class='ocrx_word' id='word_1_27' title='bbox 540 713 757 760; x_wconf 73' lang='lat' dir='ltr'><strong>Acerrima</strong></span> <span class='ocrx_word' id='word_1_28' title='bbox 796 715 886 774; x_wconf 85' lang='lat' dir='ltr'><strong>ejus</strong></span> <span class='ocrx_word' id='word_1_29' title='bbox 927 719 1054 773; x_wconf 88' lang='lat' dir='ltr'><strong>atque</strong></span> <span class='ocrx_word' id='word_1_30' title='bbox 1092 709 1208 774; x_wconf 76' lang='lat' dir='ltr'><strong>haud</strong></span> <span class='ocrx_word' id='word_1_31' title='bbox 1249 707 1478 754; x_wconf 71' lang='lat' dir='ltr'><strong>intermissa</strong></span> 
     </span>
     <span class='ocr_line' id='line_1_6' title="bbox 196 793 1477 881; baseline -0.008 -17"><span class='ocrx_word' id='word_1_32' title='bbox 196 818 410 880; x_wconf 70' lang='lat' dir='ltr'><strong>vigilantia</strong></span> <span class='ocrx_word' id='word_1_33' title='bbox 434 793 712 879; x_wconf 61' lang='lat' dir='ltr'><strong>flagrantique</strong></span> <span class='ocrx_word' id='word_1_34' title='bbox 743 815 950 861; x_wconf 82' lang='lat' dir='ltr'><strong>libertatis</strong></span> <span class='ocrx_word' id='word_1_35' title='bbox 973 813 1123 858; x_wconf 88' lang='lat' dir='ltr'><strong>ardore</strong></span> <span class='ocrx_word' id='word_1_36' title='bbox 1139 848 1151 867; x_wconf 92' lang='lat'><strong>,</strong></span> <span class='ocrx_word' id='word_1_37' title='bbox 1190 804 1341 881; x_wconf 72' lang='lat' dir='ltr'><strong>magna</strong></span> <span class='ocrx_word' id='word_1_38' title='bbox 1383 826 1477 856; x_wconf 88' lang='lat' dir='ltr'><strong>sane</strong></span> 
     </span>
     <span class='ocr_line' id='line_1_7' title="bbox 198 915 1480 983; baseline -0.006 -15"><span class='ocrx_word' id='word_1_39' title='bbox 198 925 243 968; x_wconf 88' lang='lat' dir='ltr'><strong>in</strong></span> <span class='ocrx_word' id='word_1_40' title='bbox 271 939 369 968; x_wconf 89' lang='lat' dir='ltr'><strong>eum</strong></span> <span class='ocrx_word' id='word_1_41' title='bbox 409 922 534 968; x_wconf 85' lang='lat' dir='ltr'><strong>finem</strong></span> <span class='ocrx_word' id='word_1_42' title='bbox 569 929 737 983; x_wconf 88' lang='lat' dir='ltr'><strong>peracta</strong></span> <span class='ocrx_word' id='word_1_43' title='bbox 764 929 911 975; x_wconf 85' lang='lat' dir='ltr'><strong>erant;</strong></span> <span class='ocrx_word' id='word_1_44' title='bbox 960 927 1026 973; x_wconf 92' lang='lat' dir='ltr'><strong>at,</strong></span> <span class='ocrx_word' id='word_1_45' title='bbox 1053 920 1211 979; x_wconf 84' lang='lat' dir='ltr'><strong>maj0ra</strong></span> <span class='ocrx_word' id='word_1_46' title='bbox 1244 915 1480 979; x_wconf 80' lang='lat' dir='ltr'><strong>peragenda</strong></span> 
     </span>
     <span class='ocr_line' id='line_1_8' title="bbox 198 1021 1481 1088; baseline -0.005 -16"><span class='ocrx_word' id='word_1_47' title='bbox 198 1034 439 1088; x_wconf 84' lang='lat' dir='ltr'><strong>supererant</strong></span> <span class='ocrx_word' id='word_1_48' title='bbox 454 1060 466 1080; x_wconf 93' lang='lat'>,</span> <span class='ocrx_word' id='word_1_49' title='bbox 496 1033 540 1071; x_wconf 91' lang='lat' dir='ltr'><strong>et</strong></span> <span class='ocrx_word' id='word_1_50' title='bbox 557 1059 569 1080; x_wconf 93' lang='lat'><em>,</em></span> <span class='ocrx_word' id='word_1_51' title='bbox 603 1025 716 1087; x_wconf 86' lang='lat' dir='ltr'><strong>quod</strong></span> <span class='ocrx_word' id='word_1_52' title='bbox 741 1025 931 1074; x_wconf 79' lang='lat' dir='ltr'><strong>omnium</strong></span> <span class='ocrx_word' id='word_1_53' title='bbox 957 1024 1188 1069; x_wconf 84' lang='lat' dir='ltr'><strong>maximum</strong></span> <span class='ocrx_word' id='word_1_54' title='bbox 1212 1030 1357 1069; x_wconf 84' lang='lat' dir='ltr'><strong>eratet</strong></span> <span class='ocrx_word' id='word_1_55' title='bbox 1369 1021 1481 1067; x_wconf 86' lang='lat' dir='ltr'><strong>diffi-</strong></span> 
     </span>
     <span class='ocr_line' id='line_1_9' title="bbox 197 1126 1479 1190; baseline -0.002 -16"><span class='ocrx_word' id='word_1_56' title='bbox 197 1129 403 1175; x_wconf 87' lang='lat' dir='ltr'><strong>cillimum</strong></span> <span class='ocrx_word' id='word_1_57' title='bbox 423 1163 436 1183; x_wconf 93' lang='lat'>,</span> <span class='ocrx_word' id='word_1_58' title='bbox 484 1130 638 1190; x_wconf 81' lang='lat' dir='ltr'><strong>Sparta</strong></span> <span class='ocrx_word' id='word_1_59' title='bbox 667 1129 796 1174; x_wconf 83' lang='lat' dir='ltr'><strong>etiam</strong></span> <span class='ocrx_word' id='word_1_60' title='bbox 836 1128 998 1173; x_wconf 85' lang='lat' dir='ltr'><strong>foederi</strong></span> <span class='ocrx_word' id='word_1_61' title='bbox 1034 1127 1298 1173; x_wconf 87' lang='lat' dir='ltr'><strong>adsocianda.</strong></span> <span class='ocrx_word' id='word_1_62' title='bbox 1360 1126 1479 1172; x_wconf 87' lang='lat' dir='ltr'><strong>Hanc</strong></span> 
     </span>
     <span class='ocr_line' id='line_1_10' title="bbox 198 1232 1481 1299; baseline -0.002 -22"><span class='ocrx_word' id='word_1_63' title='bbox 198 1233 313 1277; x_wconf 88' lang='lat' dir='ltr'><strong>enim</strong></span> <span class='ocrx_word' id='word_1_64' title='bbox 349 1233 563 1278; x_wconf 85' lang='lat' dir='ltr'><strong>civitatem</strong></span> <span class='ocrx_word' id='word_1_65' title='bbox 610 1246 687 1293; x_wconf 89' lang='lat' dir='ltr'><strong>pro</strong></span> <span class='ocrx_word' id='word_1_66' title='bbox 732 1233 876 1299; x_wconf 79' lang='lat' dir='ltr'><strong>innata</strong></span> <span class='ocrx_word' id='word_1_67' title='bbox 916 1233 1113 1294; x_wconf 86' lang='lat' dir='ltr'><strong>superbia</strong></span> <span class='ocrx_word' id='word_1_68' title='bbox 1149 1241 1277 1294; x_wconf 90' lang='lat' dir='ltr'><strong>atque</strong></span> <span class='ocrx_word' id='word_1_69' title='bbox 1319 1232 1481 1276; x_wconf 86' lang='lat' dir='ltr'><strong>infenso</strong></span> 
     </span>
     <span class='ocr_line' id='line_1_11' title="bbox 199 1336 1483 1400; baseline 0 -20"><span class='ocrx_word' id='word_1_70' title='bbox 199 1339 244 1380; x_wconf 92' lang='lat' dir='ltr'><strong>in</strong></span> <span class='ocrx_word' id='word_1_71' title='bbox 272 1336 461 1382; x_wconf 81' lang='lat' dir='ltr'><strong>Achaeos</strong></span> <span class='ocrx_word' id='word_1_72' title='bbox 476 1336 617 1382; x_wconf 89' lang='lat' dir='ltr'><strong>animo</strong></span> <span class='ocrx_word' id='word_1_73' title='bbox 635 1371 647 1392; x_wconf 92' lang='lat'><strong><em>,</em></strong></span> <span class='ocrx_word' id='word_1_74' title='bbox 680 1338 715 1382; x_wconf 93' lang='lat' dir='ltr'><strong>si</strong></span> <span class='ocrx_word' id='word_1_75' title='bbox 741 1352 929 1399; x_wconf 88' lang='lat' dir='ltr'><strong>unquam</strong></span> <span class='ocrx_word' id='word_1_76' title='bbox 950 1372 961 1391; x_wconf 94' lang='lat'><strong>,</strong></span> <span class='ocrx_word' id='word_1_77' title='bbox 986 1338 1136 1384; x_wconf 86' lang='lat' dir='ltr'><strong>iisdem</strong></span> <span class='ocrx_word' id='word_1_78' title='bbox 1163 1347 1304 1393; x_wconf 88' lang='lat' dir='ltr'><strong>certe,</strong></span> <span class='ocrx_word' id='word_1_79' title='bbox 1331 1338 1483 1400; x_wconf 91' lang='lat' dir='ltr'><strong>quibus</strong></span> 
     </span>
     <span class='ocr_line' id='line_1_12' title="bbox 199 1439 1479 1502; baseline 0 -18"><span class='ocrx_word' id='word_1_80' title='bbox 199 1446 387 1485; x_wconf 87' lang='lat' dir='ltr'><strong>caeterae</strong></span> <span class='ocrx_word' id='word_1_81' title='bbox 413 1473 425 1493; x_wconf 94' lang='lat'><strong><em>,</em></strong></span> <span class='ocrx_word' id='word_1_82' title='bbox 480 1439 641 1500; x_wconf 79' lang='lat' dir='ltr'><strong>legibus</strong></span> <span class='ocrx_word' id='word_1_83' title='bbox 698 1448 741 1483; x_wconf 87' lang='lat' dir='ltr'><strong>et</strong></span> <span class='ocrx_word' id='word_1_84' title='bbox 799 1440 1115 1487; x_wconf 89' lang='lat' dir='ltr'><strong>conditionibus</strong></span> <span class='ocrx_word' id='word_1_85' title='bbox 1141 1475 1155 1497; x_wconf 90' lang='lat'>‚</span> <span class='ocrx_word' id='word_1_86' title='bbox 1214 1450 1362 1502; x_wconf 90' lang='lat' dir='ltr'><strong>sponte</strong></span> <span class='ocrx_word' id='word_1_87' title='bbox 1409 1442 1479 1485; x_wconf 68' lang='lat' dir='ltr'><strong>sua</strong></span> 
     </span>
     <span class='ocr_line' id='line_1_13' title="bbox 197 1523 1492 1605; baseline 0.002 -19"><span class='ocrx_word' id='word_1_88' title='bbox 197 1540 312 1586; x_wconf 88' lang='lat' dir='ltr'><strong>haud</strong></span> <span class='ocrx_word' id='word_1_89' title='bbox 341 1555 594 1586; x_wconf 81' lang='lat' dir='ltr'><strong>accessuram</strong></span> <span class='ocrx_word' id='word_1_90' title='bbox 621 1555 706 1586; x_wconf 91' lang='lat' dir='ltr'><strong>esse</strong></span> <span class='ocrx_word' id='word_1_91' title='bbox 720 1574 733 1595; x_wconf 94' lang='lat'><strong><em>,</em></strong></span> <span class='ocrx_word' id='word_1_92' title='bbox 766 1541 892 1588; x_wconf 85' lang='lat' dir='ltr'><strong>facile</strong></span> <span class='ocrx_word' id='word_1_93' title='bbox 917 1543 1072 1605; x_wconf 90' lang='lat' dir='ltr'><strong>cuique</strong></span> <span class='ocrx_word' id='word_1_94' title='bbox 1101 1543 1301 1605; x_wconf 87' lang='lat' dir='ltr'><strong>patebat:</strong></span> <span class='ocrx_word' id='word_1_95' title='bbox 1337 1523 1492 1605; x_wconf 28' lang='lat' dir='ltr'><strong>quan-⁶</strong></span> 
     </span>
     <span class='ocr_line' id='line_1_14' title="bbox 200 1646 1481 1708; baseline 0.002 -18"><span class='ocrx_word' id='word_1_96' title='bbox 200 1653 287 1692; x_wconf 88' lang='lat' dir='ltr'><strong>tam</strong></span> <span class='ocrx_word' id='word_1_97' title='bbox 326 1654 467 1692; x_wconf 88' lang='lat' dir='ltr'><strong>autern</strong></span> <span class='ocrx_word' id='word_1_98' title='bbox 486 1681 498 1700; x_wconf 90' lang='lat'>,</span> <span class='ocrx_word' id='word_1_99' title='bbox 543 1646 658 1708; x_wconf 86' lang='lat' dir='ltr'><strong>quod</strong></span> <span class='ocrx_word' id='word_1_100' title='bbox 692 1662 841 1708; x_wconf 81' lang='lat' dir='ltr'><strong>cogere</strong></span> <span class='ocrx_word' id='word_1_101' title='bbox 882 1647 1059 1693; x_wconf 81' lang='lat' dir='ltr'><strong>invitam</strong></span> <span class='ocrx_word' id='word_1_102' title='bbox 1096 1648 1306 1702; x_wconf 78' lang='lat' dir='ltr'><strong>voluerit,</strong></span> <span class='ocrx_word' id='word_1_103' title='bbox 1354 1649 1481 1694; x_wconf 83' lang='lat' dir='ltr'><strong>Arato</strong></span> 
     </span>
     <span class='ocr_line' id='line_1_15' title="bbox 199 1750 1484 1816; baseline -0.001 -21"><span class='ocrx_word' id='word_1_104' title='bbox 199 1752 372 1814; x_wconf 86' lang='lat' dir='ltr'><strong>ejusque</strong></span> <span class='ocrx_word' id='word_1_105' title='bbox 428 1751 693 1813; x_wconf 87' lang='lat' dir='ltr'><strong>reipublicae</strong></span> <span class='ocrx_word' id='word_1_106' title='bbox 745 1750 891 1798; x_wconf 90' lang='lat' dir='ltr'><strong>tulerit</strong></span> <span class='ocrx_word' id='word_1_107' title='bbox 940 1753 1173 1816; x_wconf 89' lang='lat' dir='ltr'><strong>perniciem</strong></span> <span class='ocrx_word' id='word_1_108' title='bbox 1189 1784 1204 1807; x_wconf 84' lang='lat'><em>,</em></span> <span class='ocrx_word' id='word_1_109' title='bbox 1250 1751 1484 1798; x_wconf 86' lang='lat' dir='ltr'><strong>luculenter</strong></span> 
     </span>
     <span class='ocr_line' id='line_1_16' title="bbox 198 1855 670 1915; baseline 0.006 -17"><span class='ocrx_word' id='word_1_110' title='bbox 198 1855 413 1915; x_wconf 81' lang='lat' dir='ltr'><strong>sequentia</strong></span> <span class='ocrx_word' id='word_1_111' title='bbox 439 1856 670 1901; x_wconf 85' lang='lat' dir='ltr'><strong>docebunt.</strong></span> 
     </span>
    </p>

    <p class='ocr_par' dir='ltr' id='par_1_3' title="bbox 201 1957 1484 2542">
     <span class='ocr_line' id='line_1_17' title="bbox 258 1957 1480 2028; baseline -0.002 -24"><span class='ocrx_word' id='word_1_112' title='bbox 258 1958 335 2004; x_wconf 88' lang='lat' dir='ltr'><strong>His</strong></span> <span class='ocrx_word' id='word_1_113' title='bbox 349 1958 562 2028; x_wconf 78' lang='lat' dir='ltr'><strong>perpensis</strong></span> <span class='ocrx_word' id='word_1_114' title='bbox 576 1992 588 2013; x_wconf 92' lang='lat'>,</span> <span class='ocrx_word' id='word_1_115' title='bbox 621 1957 724 2004; x_wconf 85' lang='lat' dir='ltr'><strong>belli</strong></span> <span class='ocrx_word' id='word_1_116' title='bbox 746 1958 1007 2005; x_wconf 86' lang='lat' dir='ltr'><strong>Cleomenici</strong></span> <span class='ocrx_word' id='word_1_117' title='bbox 1031 1975 1197 2005; x_wconf 88' lang='lat' dir='ltr'><strong>causam</strong></span> <span class='ocrx_word' id='word_1_118' title='bbox 1213 1958 1480 2021; x_wconf 85' lang='lat' dir='ltr'><strong>perquirenti</strong></span> 
     </span>
     <span class='ocr_line' id='line_1_18' title="bbox 202 2062 1480 2126; baseline -0.001 -17"><span class='ocrx_word' id='word_1_119' title='bbox 202 2063 471 2126; x_wconf 86' lang='lat' dir='ltr'><strong>primariam,</strong></span> <span class='ocrx_word' id='word_1_120' title='bbox 515 2062 679 2111; x_wconf 90' lang='lat' dir='ltr'><strong>nullum</strong></span> <span class='ocrx_word' id='word_1_121' title='bbox 704 2099 717 2119; x_wconf 94' lang='lat'>,</span> <span class='ocrx_word' id='word_1_122' title='bbox 763 2063 891 2110; x_wconf 90' lang='lat' dir='ltr'><strong>credo</strong></span> <span class='ocrx_word' id='word_1_123' title='bbox 914 2099 926 2119; x_wconf 92' lang='lat'>‚</span> <span class='ocrx_word' id='word_1_124' title='bbox 983 2064 1164 2110; x_wconf 88' lang='lat' dir='ltr'><strong>dubium</strong></span> <span class='ocrx_word' id='word_1_125' title='bbox 1207 2063 1480 2118; x_wconf 90' lang='lat' dir='ltr'><strong>remanebit,</strong></span> 
     </span>
     <span class='ocr_line' id='line_1_19' title="bbox 201 2158 1484 2230; baseline -0.002 -16"><span class='ocrx_word' id='word_1_126' title='bbox 201 2169 304 2230; x_wconf 87' lang='lat' dir='ltr'><strong>quin</strong></span> <span class='ocrx_word' id='word_1_127' title='bbox 353 2168 482 2214; x_wconf 80' lang='lat' dir='ltr'><strong>Arato</strong></span> <span class='ocrx_word' id='word_1_128' title='bbox 526 2170 699 2229; x_wconf 87' lang='lat' dir='ltr'><strong>ejusque</strong></span> <span class='ocrx_word' id='word_1_129' title='bbox 738 2182 817 2229; x_wconf 93' lang='lat' dir='ltr'><strong>pro</strong></span> <span class='ocrx_word' id='word_1_130' title='bbox 857 2167 1116 2214; x_wconf 88' lang='lat' dir='ltr'><strong>Graecarum</strong></span> <span class='ocrx_word' id='word_1_131' title='bbox 1141 2158 1148 2161; x_wconf 5' lang='grc' dir='ltr'><strong>’ξ</strong></span> <span class='ocrx_word' id='word_1_132' title='bbox 1167 2167 1394 2213; x_wconf 80' lang='lat' dir='ltr'><strong>civitatum</strong></span> <span class='ocrx_word' id='word_1_133' title='bbox 1441 2176 1484 2213; x_wconf 92' lang='lat' dir='ltr'><strong>et</strong></span> 
     </span>
     <span class='ocr_line' id='line_1_20' title="bbox 201 2270 1483 2334; baseline 0 -19"><span class='ocrx_word' id='word_1_134' title='bbox 201 2270 426 2318; x_wconf 88' lang='lat' dir='ltr'><strong>concordia</strong></span> <span class='ocrx_word' id='word_1_135' title='bbox 453 2271 703 2318; x_wconf 88' lang='lat' dir='ltr'><strong>stabilienda</strong></span> <span class='ocrx_word' id='word_1_136' title='bbox 728 2281 771 2317; x_wconf 88' lang='lat' dir='ltr'><strong>et</strong></span> <span class='ocrx_word' id='word_1_137' title='bbox 796 2271 965 2318; x_wconf 85' lang='lat' dir='ltr'><strong>foedere</strong></span> <span class='ocrx_word' id='word_1_138' title='bbox 993 2273 1036 2317; x_wconf 91' lang='lat' dir='ltr'><strong>in</strong></span> <span class='ocrx_word' id='word_1_139' title='bbox 1068 2272 1159 2318; x_wconf 91' lang='lat' dir='ltr'><strong>dies</strong></span> <span class='ocrx_word' id='word_1_140' title='bbox 1188 2272 1483 2334; x_wconf 84' lang='lat' dir='ltr'><strong>amplificando</strong></span> 
     </span>
     <span class='ocr_line' id='line_1_21' title="bbox 203 2377 1484 2440; baseline 0.001 -21"><span class='ocrx_word' id='word_1_141' title='bbox 203 2391 419 2437; x_wconf 88' lang='lat' dir='ltr'><strong>nunquam</strong></span> <span class='ocrx_word' id='word_1_142' title='bbox 446 2377 649 2425; x_wconf 87' lang='lat' dir='ltr'><strong>hactenus</strong></span> <span class='ocrx_word' id='word_1_143' title='bbox 676 2378 927 2440; x_wconf 82' lang='lat' dir='ltr'><strong>interruptis</strong></span> <span class='ocrx_word' id='word_1_144' title='bbox 970 2379 1190 2423; x_wconf 85' lang='lat' dir='ltr'><strong>conatibus</strong></span> <span class='ocrx_word' id='word_1_145' title='bbox 1215 2379 1268 2423; x_wconf 86' lang='lat' dir='ltr'><strong>sit</strong></span> <span class='ocrx_word' id='word_1_146' title='bbox 1296 2377 1484 2422; x_wconf 86' lang='lat' dir='ltr'><strong>adtribu-</strong></span> 
     </span>
     <span class='ocr_line' id='line_1_22' title="bbox 203 2477 1483 2542; baseline 0 -19"><span class='ocrx_word' id='word_1_147' title='bbox 203 2477 327 2525; x_wconf 89' lang='lat' dir='ltr'><strong>enda.</strong></span> <span class='ocrx_word' id='word_1_148' title='bbox 362 2520 367 2526; x_wconf 87' lang='lat'>.</span> <span class='ocrx_word' id='word_1_149' title='bbox 393 2478 501 2525; x_wconf 87' lang='lat' dir='ltr'><strong>Cum</strong></span> <span class='ocrx_word' id='word_1_150' title='bbox 532 2491 673 2526; x_wconf 89' lang='lat' dir='ltr'><strong>autem</strong></span> <span class='ocrx_word' id='word_1_151' title='bbox 701 2482 812 2528; x_wconf 87' lang='lat' dir='ltr'><strong>illius</strong></span> <span class='ocrx_word' id='word_1_152' title='bbox 852 2481 1032 2527; x_wconf 88' lang='lat' dir='ltr'><strong>foederis</strong></span> <span class='ocrx_word' id='word_1_153' title='bbox 1072 2497 1148 2542; x_wconf 89' lang='lat' dir='ltr'><strong>per</strong></span> <span class='ocrx_word' id='word_1_154' title='bbox 1192 2481 1366 2526; x_wconf 81' lang='lat' dir='ltr'><strong>Aratum</strong></span> <span class='ocrx_word' id='word_1_155' title='bbox 1395 2496 1483 2524; x_wconf 87' lang='lat' dir='ltr'><strong>am-</strong></span> 
     </span>
    </p>
   </div>
   <div class='ocr_carea' id='block_1_3' title="bbox 205 2583 1484 2648">
    <p class='ocr_par' dir='ltr' id='par_1_4' title="bbox 205 2583 1484 2648">
     <span class='ocr_line' id='line_1_23' title="bbox 205 2583 1484 2648; baseline 0 -20"><span class='ocrx_word' id='word_1_156' title='bbox 205 2583 407 2647; x_wconf 85' lang='lat' dir='ltr'><strong>plificatio</strong></span> <span class='ocrx_word' id='word_1_157' title='bbox 450 2584 628 2628; x_wconf 86' lang='lat' dir='ltr'><strong>maxima</strong></span> <span class='ocrx_word' id='word_1_158' title='bbox 677 2587 720 2630; x_wconf 90' lang='lat' dir='ltr'><strong>in</strong></span> <span class='ocrx_word' id='word_1_159' title='bbox 773 2587 844 2632; x_wconf 89' lang='lat' dir='ltr'><strong>illa</strong></span> <span class='ocrx_word' id='word_1_160' title='bbox 888 2588 975 2648; x_wconf 85' lang='lat' dir='ltr'><strong>ipsa</strong></span> <span class='ocrx_word' id='word_1_161' title='bbox 1020 2597 1208 2648; x_wconf 82' lang='lat' dir='ltr'><strong>tempora</strong></span> <span class='ocrx_word' id='word_1_162' title='bbox 1252 2585 1484 2638; x_wconf 87' lang='lat' dir='ltr'><strong>incideret,</strong></span> 
     </span>
    </p>
   </div>
  </div>
 </body>
</html>
