1630 3217
533 819 1053 872 PRAEFATIO.

158 1287 425 1377 Historia
458 1320 679 1366 Graeciae
694 1336 716 1376 ,‘
742 1327 855 1381 post
877 1320 1142 1366 Alexandri
1174 1318 1440 1365 Macedonis

160 1408 322 1454 obitum
337 1439 350 1461 ,
382 1409 433 1449 ut
457 1403 757 1449 dissensiones
783 1404 940 1448 civiles
974 1404 1213 1463 turbasque
1246 1406 1441 1448 innume-

160 1507 245 1537 ras
260 1525 273 1546 ,
319 1493 389 1534 ita
406 1523 418 1544 ,
465 1489 624 1550 quibus
661 1489 788 1550 affici
820 1490 1021 1532 suaviter
1047 1488 1230 1531 lectoris
1261 1484 1441 1531 animus

162 1580 323 1635 queat,
369 1579 585 1616 momenta
612 1573 790 1616 exhibet
817 1575 1122 1631 paucissima.
1186 1571 1330 1615 Hisce
1354 1587 1443 1619 au,-

165 1662 248 1699 tem
290 1655 375 1698 duo
415 1655 633 1714 inprimis
681 1653 1023 1697 adnumeranda
1076 1658 1180 1696 sunt
1194 1668 1208 1695 .·
1256 1652 1417 1709 foedus
1433 1685 1446 1706 ,

160 1742 347 1798 inquam
364 1771 377 1792 ,
410 1738 643 1780 civitatum
661 1735 972 1781 Achaicarum
988 1769 1001 1790 ,
1045 1741 1090 1779 et
1113 1751 1267 1797 regum
1294 1734 1449 1796 Spar-

165 1828 370 1865 tanorum
382 1853 395 1873 ,
440 1819 616 1881 Agidis
652 1824 696 1862 et
739 1817 1017 1872 Cleomenis,
1065 1818 1133 1862 ad
1164 1821 1419 1879 pristinum
1436 1851 1450 1872 ,

166 1905 246 1963 qui
270 1901 600 1945 Lacedaemone
623 1902 836 1961 viguerat
854 1933 867 1954 ,
900 1914 1053 1944 rerum
1091 1901 1292 1950 ordinem
1328 1917 1454 1945 revo-

169 1983 357 2027 candum
370 2015 382 2035 ‚
416 1988 599 2025 conatus
621 1983 984 2042 generosissimi.
1032 1981 1142 2027 Jam
1166 1998 1270 2026 vero
1287 2016 1301 2036 ‚
1332 1983 1457 2026 illud

169 2067 215 2107 si
241 2068 409 2124 spectes
425 2078 440 2105 .·
470 2061 598 2120 cujus
624 2064 819 2106 animum
839 2078 926 2106 non
952 2064 1165 2108 advertat
1181 2066 1455 2125 populorum

171 2150 222 2190 in
249 2146 348 2189 dies
372 2151 507 2189 aucta
545 2146 786 2190 eoncordia
819 2149 1193 2207 aequissimisque
1232 2149 1457 2191 institutis

165 2228 357 2287 firmata
376 2233 510 2288 atque
529 2230 709 2272 sancita
724 2226 751 2272 Ρ
785 2242 911 2286 quem
931 2244 1019 2272 non
1041 2228 1225 2273 delectet
1244 2245 1331 2273 vox
1351 2231 1457 2282 illa,

175 2312 271 2355 tota*
317 2309 516 2356 Graecia
567 2325 812 2354 resonans:
844 2316 1011 2370 pereat
1060 2313 1307 2370 quicunque
1332 2312 1461 2372 liber

174 2409 269 2438 esse
296 2397 393 2438 sine
413 2395 511 2455 lege
534 2390 682 2436 velit?
714 2418 775 2426 —-
807 2391 935 2436 Mihi
956 2391 1134 2451 quidem
1152 2425 1164 2445 ,
1197 2393 1324 2451 apud
1330 2377 1462 2437 'Plu-

176 2474 380 2519 tarchum
396 2508 411 2531 ‚
430 2476 547 2534 sata
567 2477 769 2519 virorum
780 2474 1095 2535 perlustranti
1110 2508 1123 2529 ‚
1156 2477 1238 2535 qui
1252 2509 1265 2529 ,
1298 2487 1354 2519 ex
1375 2491 1461 2535 quo

180 2557 474 2602 Macedonum
515 2559 565 2600 in
610 2557 852 2603 Graeciam
892 2559 1151 2602 invaluerat
1188 2560 1428 2619 imperium
1449 2592 1459 2611 ,

177 2637 438 2685 celebranda
477 2642 674 2703 maxime
712 2647 819 2684 sunt
861 2655 1131 2701 quorumque
1174 2645 1295 2685 vitas
1309 2676 1323 2695 ,
1371 2646 1473 2686 arte
