<?xml version="1.0" encoding="UTF-8"?>
<!DOCTYPE html PUBLIC "-//W3C//DTD XHTML 1.0 Transitional//EN"
    "http://www.w3.org/TR/xhtml1/DTD/xhtml1-transitional.dtd">
<html xmlns="http://www.w3.org/1999/xhtml" xml:lang="en" lang="en">
 <head>
  <title>
</title>
<meta http-equiv="Content-Type" content="text/html;charset=utf-8" />
  <meta name='ocr-system' content='tesseract 3.04.00' />
  <meta name='ocr-capabilities' content='ocr_page ocr_carea ocr_par ocr_line ocrx_word'/>
</head>
<body>
  <div class='ocr_page' id='page_1' title='image "4737160_0039.png"; bbox 0 0 1630 3217; ppageno 0'>
   <div class='ocr_carea' id='block_1_1' title="bbox 815 235 872 281">
    <p class='ocr_par' dir='ltr' id='par_1_1' title="bbox 815 235 872 281">
     <span class='ocr_line' id='line_1_1' title="bbox 815 235 872 281; baseline -0.035 0"><span class='ocrx_word' id='word_1_1' title='bbox 815 235 872 281; x_wconf 79' lang='lat'><strong>12</strong></span> 
     </span>
    </p>
   </div>
   <div class='ocr_carea' id='block_1_2' title="bbox 176 380 1475 2201">
    <p class='ocr_par' dir='ltr' id='par_1_2' title="bbox 180 380 1475 1061">
     <span class='ocr_line' id='line_1_2' title="bbox 248 380 1472 446; baseline 0.007 -22"><span class='ocrx_word' id='word_1_2' title='bbox 248 380 444 439; x_wconf 80' lang='lat' dir='ltr'><strong>Quamvis</strong></span> <span class='ocrx_word' id='word_1_3' title='bbox 500 380 607 426; x_wconf 90' lang='lat' dir='ltr'><strong>aliae</strong></span> <span class='ocrx_word' id='word_1_4' title='bbox 657 381 843 427; x_wconf 82' lang='lat' dir='ltr'><strong>civitates</strong></span> <span class='ocrx_word' id='word_1_5' title='bbox 885 382 976 428; x_wconf 91' lang='lat' dir='ltr'><strong>aliis</strong></span> <span class='ocrx_word' id='word_1_6' title='bbox 1020 386 1196 446; x_wconf 84' lang='lat' dir='ltr'><strong>majores</strong></span> <span class='ocrx_word' id='word_1_7' title='bbox 1214 418 1226 440; x_wconf 91' lang='lat'>,</span> <span class='ocrx_word' id='word_1_8' title='bbox 1271 385 1472 443; x_wconf 78' lang='lat' dir='ltr'><strong>ditiores,</strong></span> 
     </span>
     <span class='ocr_line' id='line_1_3' title="bbox 184 483 1475 545; baseline 0.004 -16"><span class='ocrx_word' id='word_1_9' title='bbox 184 483 405 529; x_wconf 73' lang='lat' dir='ltr'><strong>validiores</strong></span> <span class='ocrx_word' id='word_1_10' title='bbox 447 496 614 542; x_wconf 79' lang='lat' dir='ltr'><strong>essent,</strong></span> <span class='ocrx_word' id='word_1_11' title='bbox 648 488 763 534; x_wconf 89' lang='lat' dir='ltr'><strong>nulla</strong></span> <span class='ocrx_word' id='word_1_12' title='bbox 801 497 972 545; x_wconf 87' lang='lat' dir='ltr'><strong>tamen,</strong></span> <span class='ocrx_word' id='word_1_13' title='bbox 1007 501 1054 536; x_wconf 86' lang='lat' dir='ltr'><strong>ut</strong></span> <span class='ocrx_word' id='word_1_14' title='bbox 1078 487 1129 535; x_wconf 74' lang='lat' dir='ltr'><strong>&#39;in</strong></span> <span class='ocrx_word' id='word_1_15' title='bbox 1150 491 1240 535; x_wconf 89' lang='lat' dir='ltr'><strong>aliis</strong></span> <span class='ocrx_word' id='word_1_16' title='bbox 1272 491 1475 537; x_wconf 77' lang='lat' dir='ltr'><strong>Graeciae</strong></span> 
     </span>
     <span class='ocr_line' id='line_1_4' title="bbox 180 588 1462 655; baseline 0.005 -24"><span class='ocrx_word' id='word_1_17' title='bbox 180 588 372 649; x_wconf 87' lang='lat' dir='ltr'><strong>partibus</strong></span> <span class='ocrx_word' id='word_1_18' title='bbox 391 623 403 643; x_wconf 92' lang='lat'><strong>,</strong></span> <span class='ocrx_word' id='word_1_19' title='bbox 448 590 736 651; x_wconf 82' lang='lat' dir='ltr'><strong>principatum</strong></span> <span class='ocrx_word' id='word_1_20' title='bbox 780 593 972 638; x_wconf 89' lang='lat' dir='ltr'><strong>obtinere</strong></span> <span class='ocrx_word' id='word_1_21' title='bbox 1020 594 1063 638; x_wconf 90' lang='lat' dir='ltr'><strong>in</strong></span> <span class='ocrx_word' id='word_1_22' title='bbox 1100 593 1282 655; x_wconf 87' lang='lat' dir='ltr'><strong>reliquas</strong></span> <span class='ocrx_word' id='word_1_23' title='bbox 1322 593 1462 637; x_wconf 89' lang='lat' dir='ltr'><strong>stude-</strong></span> 
     </span>
     <span class='ocr_line' id='line_1_5' title="bbox 182 684 1468 756; baseline 0.005 -24"><span class='ocrx_word' id='word_1_24' title='bbox 182 689 255 733; x_wconf 88' lang='lat' dir='ltr'><strong>bat</strong></span> <span class='ocrx_word' id='word_1_25' title='bbox 294 684 348 735; x_wconf 88' lang='lat'><strong>¹).</strong></span> <span class='ocrx_word' id='word_1_26' title='bbox 414 689 565 735; x_wconf 88' lang='lat' dir='ltr'>Omnes</span> <span class='ocrx_word' id='word_1_27' title='bbox 609 694 701 752; x_wconf 90' lang='lat' dir='ltr'><strong>pari</strong></span> <span class='ocrx_word' id='word_1_28' title='bbox 741 694 852 738; x_wconf 85' lang='lat' dir='ltr'><strong>inter</strong></span> <span class='ocrx_word' id='word_1_29' title='bbox 879 711 920 741; x_wconf 84' lang='lat' dir='ltr'><strong>se</strong></span> <span class='ocrx_word' id='word_1_30' title='bbox 942 697 1039 756; x_wconf 88' lang='lat' dir='ltr'><strong>jure</strong></span> <span class='ocrx_word' id='word_1_31' title='bbox 1068 697 1276 756; x_wconf 77' lang='lat' dir='ltr'><strong>agebant,</strong></span> <span class='ocrx_word' id='word_1_32' title='bbox 1325 710 1468 740; x_wconf 87' lang='lat' dir='ltr'><strong>omnes</strong></span> 
     </span>
     <span class='ocr_line' id='line_1_6' title="bbox 180 792 1469 861; baseline 0.005 -25"><span class='ocrx_word' id='word_1_33' title='bbox 180 795 224 836; x_wconf 91' lang='lat' dir='ltr'><strong>in</strong></span> <span class='ocrx_word' id='word_1_34' title='bbox 251 792 521 841; x_wconf 88' lang='lat' dir='ltr'><strong>decernendo</strong></span> <span class='ocrx_word' id='word_1_35' title='bbox 549 797 773 842; x_wconf 82' lang='lat' dir='ltr'><strong>ferendove</strong></span> <span class='ocrx_word' id='word_1_36' title='bbox 797 799 993 861; x_wconf 75' lang='lat' dir='ltr'><strong>suffragio</strong></span> <span class='ocrx_word' id='word_1_37' title='bbox 1013 809 1084 844; x_wconf 90' lang='lat' dir='ltr'><strong>aut</strong></span> <span class='ocrx_word' id='word_1_38' title='bbox 1114 799 1158 843; x_wconf 81' lang='lat' dir='ltr'><strong>in</strong></span> <span class='ocrx_word' id='word_1_39' title='bbox 1200 799 1347 844; x_wconf 85' lang='lat' dir='ltr'>ordine</span> <span class='ocrx_word' id='word_1_40' title='bbox 1369 815 1469 843; x_wconf 88' lang='lat' dir='ltr'><strong>con-</strong></span> 
     </span>
     <span class='ocr_line' id='line_1_7' title="bbox 182 899 1469 964; baseline 0.005 -24"><span class='ocrx_word' id='word_1_41' title='bbox 182 912 311 942; x_wconf 83' lang='lat' dir='ltr'><strong>sessus</strong></span> <span class='ocrx_word' id='word_1_42' title='bbox 346 899 607 943; x_wconf 81' lang='lat' dir='ltr'><strong>tantumdem</strong></span> <span class='ocrx_word' id='word_1_43' title='bbox 654 899 849 945; x_wconf 79' lang='lat' dir='ltr'><strong>valebant</strong></span> <span class='ocrx_word' id='word_1_44' title='bbox 868 937 880 955; x_wconf 90' lang='lat'><strong><em>,</em></strong></span> <span class='ocrx_word' id='word_1_45' title='bbox 937 904 1017 947; x_wconf 86' lang='lat' dir='ltr'><strong>nisi</strong></span> <span class='ocrx_word' id='word_1_46' title='bbox 1055 905 1166 964; x_wconf 84' lang='lat' dir='ltr'><strong>quod</strong></span> <span class='ocrx_word' id='word_1_47' title='bbox 1212 903 1469 948; x_wconf 77' lang='lat' dir='ltr'><strong>auctoritatis</strong></span> 
     </span>
     <span class='ocr_line' id='line_1_8' title="bbox 181 1000 1362 1061; baseline 0.007 -18"><span class='ocrx_word' id='word_1_48' title='bbox 181 1001 275 1060; x_wconf 83' lang='lat' dir='ltr'><strong>plus</strong></span> <span class='ocrx_word' id='word_1_49' title='bbox 299 1000 403 1044; x_wconf 89' lang='lat' dir='ltr'><strong>aliae</strong></span> <span class='ocrx_word' id='word_1_50' title='bbox 432 1016 558 1061; x_wconf 85' lang='lat' dir='ltr'><strong>quarn</strong></span> <span class='ocrx_word' id='word_1_51' title='bbox 584 1000 690 1046; x_wconf 80' lang='lat' dir='ltr'><strong>aliae</strong></span> <span class='ocrx_word' id='word_1_52' title='bbox 717 1001 769 1045; x_wconf 85' lang='lat' dir='ltr'><strong>ad</strong></span> <span class='ocrx_word' id='word_1_53' title='bbox 793 1001 1121 1047; x_wconf 73' lang='lat' dir='ltr'><strong>deliberationes</strong></span> <span class='ocrx_word' id='word_1_54' title='bbox 1150 1007 1362 1052; x_wconf 80' lang='lat' dir='ltr'><strong>afferrent.</strong></span> 
     </span>
    </p>

    <p class='ocr_par' dir='ltr' id='par_1_3' title="bbox 176 1102 1473 2201">
     <span class='ocr_line' id='line_1_9' title="bbox 240 1102 1464 1165; baseline 0.003 -18"><span class='ocrx_word' id='word_1_55' title='bbox 240 1102 353 1160; x_wconf 83' lang='lat' dir='ltr'><strong>Quin</strong></span> <span class='ocrx_word' id='word_1_56' title='bbox 393 1105 522 1148; x_wconf 83' lang='lat' dir='ltr'><strong>etiam</strong></span> <span class='ocrx_word' id='word_1_57' title='bbox 564 1105 608 1148; x_wconf 87' lang='lat' dir='ltr'><strong>in</strong></span> <span class='ocrx_word' id='word_1_58' title='bbox 651 1104 852 1149; x_wconf 84' lang='lat' dir='ltr'><strong>institutis</strong></span> <span class='ocrx_word' id='word_1_59' title='bbox 881 1103 1007 1165; x_wconf 88' lang='lat' dir='ltr'><strong>hujus</strong></span> <span class='ocrx_word' id='word_1_60' title='bbox 1037 1106 1247 1152; x_wconf 86' lang='lat' dir='ltr'><strong>societatis</strong></span> <span class='ocrx_word' id='word_1_61' title='bbox 1273 1117 1394 1161; x_wconf 90' lang='lat' dir='ltr'><strong>erat,</strong></span> <span class='ocrx_word' id='word_1_62' title='bbox 1431 1109 1464 1151; x_wconf 90' lang='lat' dir='ltr'><strong>si</strong></span> 
     </span>
     <span class='ocr_line' id='line_1_10' title="bbox 180 1210 1463 1277; baseline 0 -24"><span class='ocrx_word' id='word_1_63' title='bbox 180 1226 288 1271; x_wconf 89' lang='lat' dir='ltr'><strong>quae</strong></span> <span class='ocrx_word' id='word_1_64' title='bbox 333 1211 476 1256; x_wconf 83' lang='lat' dir='ltr'><strong>civitas</strong></span> <span class='ocrx_word' id='word_1_65' title='bbox 517 1211 561 1254; x_wconf 91' lang='lat' dir='ltr'><strong>in</strong></span> <span class='ocrx_word' id='word_1_66' title='bbox 598 1211 884 1277; x_wconf 59' lang='lat' dir='ltr'><strong>Reloponneso</strong></span> <span class='ocrx_word' id='word_1_67' title='bbox 926 1225 1011 1253; x_wconf 88' lang='lat' dir='ltr'><strong>non</strong></span> <span class='ocrx_word' id='word_1_68' title='bbox 1055 1210 1188 1254; x_wconf 86' lang='lat' dir='ltr'><strong>solum</strong></span> <span class='ocrx_word' id='word_1_69' title='bbox 1217 1219 1364 1271; x_wconf 89' lang='lat' dir='ltr'><strong>sponte</strong></span> <span class='ocrx_word' id='word_1_70' title='bbox 1391 1226 1463 1255; x_wconf 90' lang='lat' dir='ltr'><strong>sua</strong></span> 
     </span>
     <span class='ocr_line' id='line_1_11' title="bbox 183 1313 1469 1375; baseline 0.001 -19"><span class='ocrx_word' id='word_1_71' title='bbox 183 1323 254 1358; x_wconf 88' lang='lat' dir='ltr'><strong>aut</strong></span> <span class='ocrx_word' id='word_1_72' title='bbox 281 1314 569 1373; x_wconf 89' lang='lat' dir='ltr'><strong>persuadendo</strong></span> <span class='ocrx_word' id='word_1_73' title='bbox 593 1313 743 1357; x_wconf 87' lang='lat' dir='ltr'><strong>allecta</strong></span> <span class='ocrx_word' id='word_1_74' title='bbox 769 1313 839 1358; x_wconf 88' lang='lat' dir='ltr'><strong>sed</strong></span> <span class='ocrx_word' id='word_1_75' title='bbox 865 1313 993 1357; x_wconf 89' lang='lat' dir='ltr'><strong>etiam</strong></span> <span class='ocrx_word' id='word_1_76' title='bbox 1023 1315 1371 1375; x_wconf 28' lang='lat' dir='ltr'><strong>meturarmisque</strong></span> <span class='ocrx_word' id='word_1_77' title='bbox 1397 1328 1469 1358; x_wconf 87' lang='lat' dir='ltr'><strong>co-</strong></span> 
     </span>
     <span class='ocr_line' id='line_1_12' title="bbox 182 1391 1473 1478; baseline 0 -16"><span class='ocrx_word' id='word_1_78' title='bbox 182 1428 274 1464; x_wconf 84' lang='lat' dir='ltr'><strong>acta</strong></span> <span class='ocrx_word' id='word_1_79' title='bbox 303 1421 494 1464; x_wconf 87' lang='lat' dir='ltr'><strong>societati</strong></span> <span class='ocrx_word' id='word_1_80' title='bbox 519 1391 737 1464; x_wconf 54' lang='lat' dir='ltr'><strong>accederet</strong></span> <span class='ocrx_word' id='word_1_81' title='bbox 754 1454 765 1471; x_wconf 91' lang='lat'>,</span> <span class='ocrx_word' id='word_1_82' title='bbox 798 1428 847 1462; x_wconf 85' lang='lat' dir='ltr'><strong>ut</strong></span> <span class='ocrx_word' id='word_1_83' title='bbox 874 1395 1069 1478; x_wconf 36' lang='lat' dir='ltr'><strong>ejusdem.</strong></span> <span class='ocrx_word' id='word_1_84' title='bbox 1087 1433 1134 1461; x_wconf 88' lang='lat' dir='ltr'><strong>ea</strong></span> <span class='ocrx_word' id='word_1_85' title='bbox 1141 1419 1249 1476; x_wconf 85' lang='lat' dir='ltr'><strong>juris</strong></span> <span class='ocrx_word' id='word_1_86' title='bbox 1264 1420 1473 1478; x_wconf 89' lang='lat' dir='ltr'><strong>particeps</strong></span> 
     </span>
     <span class='ocr_line' id='line_1_13' title="bbox 181 1520 1470 1581; baseline -0.003 -14"><span class='ocrx_word' id='word_1_87' title='bbox 181 1523 382 1567; x_wconf 87' lang='lat' dir='ltr'><strong>continuo</strong></span> <span class='ocrx_word' id='word_1_88' title='bbox 424 1523 574 1579; x_wconf 85' lang='lat' dir='ltr'><strong>fieret,</strong></span> <span class='ocrx_word' id='word_1_89' title='bbox 616 1522 730 1581; x_wconf 90' lang='lat' dir='ltr'><strong>quod</strong></span> <span class='ocrx_word' id='word_1_90' title='bbox 769 1521 950 1565; x_wconf 86' lang='lat' dir='ltr'><strong>foederis</strong></span> <span class='ocrx_word' id='word_1_91' title='bbox 975 1529 1080 1565; x_wconf 87' lang='lat' dir='ltr'><strong>esset</strong></span> <span class='ocrx_word' id='word_1_92' title='bbox 1115 1520 1310 1565; x_wconf 88' lang='lat' dir='ltr'><strong>universi.</strong></span> <span class='ocrx_word' id='word_1_93' title='bbox 1374 1521 1407 1564; x_wconf 84' lang='lat' dir='ltr'><strong>F</strong></span> <span class='ocrx_word' id='word_1_94' title='bbox 1410 1522 1470 1564; x_wconf 90' lang='lat' dir='ltr'><strong>ie-</strong></span> 
     </span>
     <span class='ocr_line' id='line_1_14' title="bbox 179 1622 1468 1686; baseline -0.004 -17"><span class='ocrx_word' id='word_1_95' title='bbox 179 1627 333 1686; x_wconf 85' lang='lat' dir='ltr'><strong>batque</strong></span> <span class='ocrx_word' id='word_1_96' title='bbox 372 1626 430 1670; x_wconf 90' lang='lat' dir='ltr'><strong>ita</strong></span> <span class='ocrx_word' id='word_1_97' title='bbox 472 1624 704 1685; x_wconf 84' lang='lat' dir='ltr'><strong>plurimum</strong></span> <span class='ocrx_word' id='word_1_98' title='bbox 724 1658 734 1677; x_wconf 94' lang='lat'><strong>,</strong></span> <span class='ocrx_word' id='word_1_99' title='bbox 768 1632 816 1667; x_wconf 85' lang='lat' dir='ltr'><strong>ut</strong></span> <span class='ocrx_word' id='word_1_100' title='bbox 845 1639 913 1667; x_wconf 88' lang='lat' dir='ltr'><strong>eas</strong></span> <span class='ocrx_word' id='word_1_101' title='bbox 940 1637 1048 1682; x_wconf 89' lang='lat' dir='ltr'><strong>quae</strong></span> <span class='ocrx_word' id='word_1_102' title='bbox 1088 1622 1281 1681; x_wconf 88' lang='lat' dir='ltr'><strong>primum</strong></span> <span class='ocrx_word' id='word_1_103' title='bbox 1324 1636 1468 1665; x_wconf 80' lang='lat' dir='ltr'><strong>aversa</strong></span> 
     </span>
     <span class='ocr_line' id='line_1_15' title="bbox 184 1724 1466 1795; baseline -0.003 -23"><span class='ocrx_word' id='word_1_104' title='bbox 184 1737 326 1795; x_wconf 63' lang='lat' dir='ltr'><strong>mente</strong></span> <span class='ocrx_word' id='word_1_105' title='bbox 363 1728 552 1790; x_wconf 76' lang='lat' dir='ltr'><strong>adeoque</strong></span> <span class='ocrx_word' id='word_1_106' title='bbox 594 1726 717 1771; x_wconf 84' lang='lat' dir='ltr'><strong>armis</strong></span> <span class='ocrx_word' id='word_1_107' title='bbox 767 1724 1007 1785; x_wconf 83' lang='lat' dir='ltr'><strong>compulsae</strong></span> <span class='ocrx_word' id='word_1_108' title='bbox 1035 1724 1079 1768; x_wconf 87' lang='lat' dir='ltr'><strong>in</strong></span> <span class='ocrx_word' id='word_1_109' title='bbox 1110 1724 1352 1770; x_wconf 85' lang='lat' dir='ltr'><strong>societatem</strong></span> <span class='ocrx_word' id='word_1_110' title='bbox 1381 1733 1466 1768; x_wconf 89' lang='lat' dir='ltr'><strong>tra-</strong></span> 
     </span>
     <span class='ocr_line' id='line_1_16' title="bbox 177 1827 1460 1892; baseline -0.003 -17"><span class='ocrx_word' id='word_1_111' title='bbox 177 1833 410 1885; x_wconf 90' lang='lat' dir='ltr'><strong>herentur,</strong></span> <span class='ocrx_word' id='word_1_112' title='bbox 465 1830 607 1892; x_wconf 89' lang='lat' dir='ltr'><strong>paullo</strong></span> <span class='ocrx_word' id='word_1_113' title='bbox 663 1837 755 1890; x_wconf 86' lang='lat' dir='ltr'><strong>post</strong></span> <span class='ocrx_word' id='word_1_114' title='bbox 794 1837 967 1889; x_wconf 89' lang='lat' dir='ltr'><strong>propter</strong></span> <span class='ocrx_word' id='word_1_115' title='bbox 1012 1827 1312 1888; x_wconf 89' lang='lat' dir='ltr'><strong>aequalitatem</strong></span> <span class='ocrx_word' id='word_1_116' title='bbox 1349 1827 1460 1887; x_wconf 88' lang='lat' dir='ltr'><strong>juris</strong></span> 
     </span>
     <span class='ocr_line' id='line_1_17' title="bbox 176 1931 1462 1995; baseline -0.003 -16"><span class='ocrx_word' id='word_1_117' title='bbox 176 1945 218 1980; x_wconf 92' lang='lat' dir='ltr'><strong>et</strong></span> <span class='ocrx_word' id='word_1_118' title='bbox 246 1943 374 1980; x_wconf 87' lang='lat' dir='ltr'><strong>status</strong></span> <span class='ocrx_word' id='word_1_119' title='bbox 403 1944 445 1978; x_wconf 85' lang='lat' dir='ltr'><strong>et</strong></span> <span class='ocrx_word' id='word_1_120' title='bbox 468 1943 645 1995; x_wconf 90' lang='lat' dir='ltr'><strong>propter</strong></span> <span class='ocrx_word' id='word_1_121' title='bbox 675 1934 888 1977; x_wconf 86' lang='lat' dir='ltr'><strong>fortunam</strong></span> <span class='ocrx_word' id='word_1_122' title='bbox 913 1932 1108 1976; x_wconf 83' lang='lat' dir='ltr'><strong>adversus</strong></span> <span class='ocrx_word' id='word_1_123' title='bbox 1133 1931 1323 1993; x_wconf 90' lang='lat' dir='ltr'><strong>pericula</strong></span> <span class='ocrx_word' id='word_1_124' title='bbox 1361 1931 1462 1976; x_wconf 81' lang='lat' dir='ltr'><strong>hos·</strong></span> 
     </span>
     <span class='ocr_line' id='line_1_18' title="bbox 182 2037 1462 2100; baseline -0.002 -16"><span class='ocrx_word' id='word_1_125' title='bbox 182 2048 328 2100; x_wconf 80' lang='lat' dir='ltr'><strong>tesque</strong></span> <span class='ocrx_word' id='word_1_126' title='bbox 354 2038 590 2092; x_wconf 83' lang='lat' dir='ltr'><strong>munitam,</strong></span> <span class='ocrx_word' id='word_1_127' title='bbox 638 2037 892 2083; x_wconf 87' lang='lat' dir='ltr'><strong>conditionis</strong></span> <span class='ocrx_word' id='word_1_128' title='bbox 935 2054 1032 2082; x_wconf 91' lang='lat' dir='ltr'><strong>suae</strong></span> <span class='ocrx_word' id='word_1_129' title='bbox 1070 2052 1155 2081; x_wconf 90' lang='lat' dir='ltr'><strong>non</strong></span> <span class='ocrx_word' id='word_1_130' title='bbox 1194 2038 1462 2098; x_wconf 72' lang='lat' dir='ltr'><strong>poeniteret,</strong></span> 
     </span>
     <span class='ocr_line' id='line_1_19' title="bbox 181 2141 1464 2201; baseline -0.001 -15"><span class='ocrx_word' id='word_1_131' title='bbox 181 2143 347 2201; x_wconf 84' lang='lat' dir='ltr'><strong>sibique</strong></span> <span class='ocrx_word' id='word_1_132' title='bbox 367 2141 651 2200; x_wconf 83' lang='lat' dir='ltr'><strong>maximopere</strong></span> <span class='ocrx_word' id='word_1_133' title='bbox 678 2143 731 2185; x_wconf 90' lang='lat' dir='ltr'><strong>de</strong></span> <span class='ocrx_word' id='word_1_134' title='bbox 759 2157 807 2186; x_wconf 85' lang='lat' dir='ltr'><strong>ea</strong></span> <span class='ocrx_word' id='word_1_135' title='bbox 829 2144 1155 2201; x_wconf 78' lang='lat' dir='ltr'><strong>gratularentur.</strong></span> <span class='ocrx_word' id='word_1_136' title='bbox 1207 2144 1271 2187; x_wconf 87' lang='lat' dir='ltr'><strong>Ita</strong></span> <span class='ocrx_word' id='word_1_137' title='bbox 1288 2177 1299 2197; x_wconf 94' lang='lat'><strong><em>,</em></strong></span> <span class='ocrx_word' id='word_1_138' title='bbox 1334 2142 1464 2201; x_wconf 79' lang='lat' dir='ltr'><strong>Poly-</strong></span> 
     </span>
    </p>
   </div>
   <div class='ocr_carea' id='block_1_3' title="bbox 183 2231 1469 2307">
    <p class='ocr_par' dir='ltr' id='par_1_4' title="bbox 183 2231 1469 2307">
     <span class='ocr_line' id='line_1_20' title="bbox 183 2231 1469 2307; baseline -0.002 -17"><span class='ocrx_word' id='word_1_139' title='bbox 183 2245 279 2290; x_wconf 93' lang='lat' dir='ltr'><strong>bius</strong></span> <span class='ocrx_word' id='word_1_140' title='bbox 310 2244 473 2305; x_wconf 87' lang='lat' dir='ltr'><strong>inquit,</strong></span> <span class='ocrx_word' id='word_1_141' title='bbox 502 2242 608 2307; x_wconf 16' lang='lat' dir='ltr'><strong>‘haec</strong></span> <span class='ocrx_word' id='word_1_142' title='bbox 636 2244 878 2302; x_wconf 82' lang='lat' dir='ltr'><strong>respublica</strong></span> <span class='ocrx_word' id='word_1_143' title='bbox 897 2231 918 2296; x_wconf 31' lang='grc'><strong>,”</strong></span> <span class='ocrx_word' id='word_1_144' title='bbox 941 2245 1108 2289; x_wconf 89' lang='lat' dir='ltr'><strong>duobus</strong></span> <span class='ocrx_word' id='word_1_145' title='bbox 1126 2244 1206 2289; x_wconf 72' lang='lat' dir='ltr'><strong>illis</strong></span> <span class='ocrx_word' id='word_1_146' title='bbox 1226 2261 1296 2288; x_wconf 89' lang='lat' dir='ltr'><strong>usa</strong></span> <span class='ocrx_word' id='word_1_147' title='bbox 1318 2279 1327 2297; x_wconf 92' lang='lat'>‚</span> <span class='ocrx_word' id='word_1_148' title='bbox 1363 2261 1469 2305; x_wconf 88' lang='lat' dir='ltr'><strong>quae</strong></span> 
     </span>
    </p>
   </div>
   <div class='ocr_carea' id='block_1_4' title="bbox 184 2491 1472 2611">
    <p class='ocr_par' dir='ltr' id='par_1_5' title="bbox 184 2491 1472 2611">
     <span class='ocr_line' id='line_1_21' title="bbox 229 2491 1466 2540; baseline 0.002 -13"><span class='ocrx_word' id='word_1_149' title='bbox 229 2502 260 2536; x_wconf 71' lang='lat'><strong>¹)</strong></span> <span class='ocrx_word' id='word_1_150' title='bbox 312 2494 367 2530; x_wconf 89' lang='lat' dir='ltr'><strong>Cf.</strong></span> <span class='ocrx_word' id='word_1_151' title='bbox 394 2493 495 2529; x_wconf 85' lang='lat' dir='ltr'><strong>Ubbo</strong></span> <span class='ocrx_word' id='word_1_152' title='bbox 523 2493 709 2535; x_wconf 86' lang='lat' dir='ltr'><strong>Emmius,</strong></span> <span class='ocrx_word' id='word_1_153' title='bbox 737 2493 778 2528; x_wconf 87' lang='lat' dir='ltr'><strong>de</strong></span> <span class='ocrx_word' id='word_1_154' title='bbox 806 2491 985 2540; x_wconf 80' lang='lat' dir='ltr'><strong>republica</strong></span> <span class='ocrx_word' id='word_1_155' title='bbox 1003 2491 1219 2528; x_wconf 83' lang='lat' dir='ltr'><strong>Achaeorum</strong></span> <span class='ocrx_word' id='word_1_156' title='bbox 1246 2501 1281 2529; x_wconf 85' lang='lat' dir='ltr'><strong>et</strong></span> <span class='ocrx_word' id='word_1_157' title='bbox 1309 2492 1437 2530; x_wconf 83' lang='lat' dir='ltr'><strong>Gillies</strong></span> <span class='ocrx_word' id='word_1_158' title='bbox 1457 2520 1466 2536; x_wconf 85' lang='lat'>‚</span> 
     </span>
     <span class='ocr_line' id='line_1_22' title="bbox 184 2562 1472 2611; baseline -0.002 -11"><span class='ocrx_word' id='word_1_159' title='bbox 184 2567 336 2611; x_wconf 75' lang='lat' dir='ltr'><strong>History</strong></span> <span class='ocrx_word' id='word_1_160' title='bbox 364 2565 406 2609; x_wconf 83' lang='lat' dir='ltr'><strong>of</strong></span> <span class='ocrx_word' id='word_1_161' title='bbox 427 2565 568 2598; x_wconf 77' lang='lat' dir='ltr'><strong>ancient</strong></span> <span class='ocrx_word' id='word_1_162' title='bbox 599 2563 727 2598; x_wconf 79' lang='lat' dir='ltr'><strong>Greecc</strong></span> <span class='ocrx_word' id='word_1_163' title='bbox 751 2563 860 2598; x_wconf 69' lang='lat' dir='ltr'><strong>Part.</strong></span> <span class='ocrx_word' id='word_1_164' title='bbox 887 2562 936 2597; x_wconf 88' lang='lat' dir='ltr'><strong>II.</strong></span> <span class='ocrx_word' id='word_1_165' title='bbox 952 2563 1006 2598; x_wconf 85' lang='lat' dir='ltr'><strong>ch.</strong></span> <span class='ocrx_word' id='word_1_166' title='bbox 1024 2562 1082 2598; x_wconf 85' lang='lat' dir='ltr'><strong>XI.</strong></span> <span class='ocrx_word' id='word_1_167' title='bbox 1096 2564 1141 2608; x_wconf 77' lang='lat' dir='ltr'><strong>cf.</strong></span> <span class='ocrx_word' id='word_1_168' title='bbox 1158 2564 1208 2599; x_wconf 76' lang='lat' dir='ltr'><strong>cll.</strong></span> <span class='ocrx_word' id='word_1_169' title='bbox 1224 2563 1371 2609; x_wconf 80' lang='lat' dir='ltr'>X111.p.</span> <span class='ocrx_word' id='word_1_170' title='bbox 1389 2564 1472 2598; x_wconf 77' lang='lat'><strong>471·</strong></span> 
     </span>
    </p>
   </div>
  </div>
 </body>
</html>
