1630 3217
768 287 826 329 68

157 433 301 487 tibus«,
331 432 541 492 effugisse.
582 406 755 475 Habere
786 428 910 473 nobis
940 426 1134 473 videmur
1168 441 1287 473 reum
1318 428 1452 482 confi-

160 543 336 582 tentem.
413 536 637 598 Ejusmodi
680 536 794 581 enim
823 535 1129 582 defensionem
1169 535 1237 580 vix
1282 534 1452 580 admitti

159 654 279 700 posse
299 672 310 691 ‚
343 638 472 699 plane
494 638 757 685 adsentimur
776 611 1003 685 Plutarcho
1016 674 1028 695 ,
1056 654 1292 701 parumque
1312 639 1450 684 credi·

160 743 248 788 bile
274 742 445 789 videtur
461 777 474 799 ‚
507 742 591 788 nisi
622 743 731 790 duce
761 753 803 789 et
830 744 1000 805 auspice
1028 718 1158 790 Arato
1176 779 1189 800 ,
1233 745 1453 807 inceptum

162 857 254 894 tam
283 863 408 909 grave
440 865 464 893 a
505 848 611 908 Syro
658 849 738 895 isto
778 848 906 892 fuisse
936 857 1164 897 tentatum.
1225 848 1376 907 Quid?
1409 849 1454 896 in

163 953 265 1015 ipsis
291 952 373 997 illis
402 951 719 997 commentariis
746 952 883 997 multa
911 967 955 997 se
979 966 1226 1015 perpessum
1239 962 1282 999 et
1297 962 1456 1000 temere

148 1075 315 1106 ausum
347 1060 535 1104 affirmat
561 1093 576 1114 ‚
635 1066 684 1103 ut
732 1058 885 1103 urbem
929 1057 1206 1103 Macedonico
1247 1058 1458 1119 praesidio

167 1161 384 1208 liberaret.
450 1160 562 1219 Quid
595 1160 702 1222 quid
733 1167 825 1215 est,
874 1175 965 1205 rem
1008 1176 1158 1222 parum
1193 1169 1457 1222 perspectam

167 1265 409 1328 relinquere
451 1265 542 1311 aliis
574 1265 896 1327 dijudicandam
937 1264 1050 1311 malo
1068 1301 1080 1321 ,
1129 1282 1258 1328 quam
1295 1267 1385 1329 ipse
1413 1267 1460 1312 in

169 1371 351 1416 levitatis
378 1369 714 1432 temeritatisque
746 1370 908 1414 crimen
930 1369 1164 1416 incurrere.

227 1473 444 1534 Antigono
486 1482 655 1518 mortuo
673 1508 685 1528 ‚
728 1489 845 1518 cum
886 1473 940 1517 ad
980 1474 1245 1519 Demetrium
1286 1488 1461 1535 regnum

167 1575 452 1637 pervenisset,
499 1577 661 1638 majore
691 1576 822 1622 etiam
851 1577 990 1622 studio
1023 1579 1069 1622 in
1102 1577 1291 1624 Athenas
1327 1595 1461 1625 occu-

173 1680 333 1739 pandas
362 1680 564 1725 incubuit
581 1714 594 1735 ,
636 1682 790 1741 spretis
821 1682 994 1726 omnino
1033 1684 1351 1744 Macedonibus.
1413 1686 1465 1730 In

174 1785 259 1829 illis
286 1793 428 1830 autem
451 1799 530 1846 pro
562 1785 869 1846 ingratissimae
896 1786 1080 1831 civitatis
1102 1785 1233 1831 salute
1251 1783 1468 1847 'generosis

175 1889 423 1943 conatibus,
470 1889 631 1934 nescias
661 1890 880 1949 profecto,
926 1889 1306 1935 Atheniensi-umne
1333 1891 1467 1952 magis

175 1991 603 2053 deploresabjectam
630 2001 673 2038 et
688 2002 942 2054 prostratam
961 1993 1274 2050 conditionem,
1301 2010 1354 2038 an
1367 2007 1468 2039 vero

177 2096 298 2143 Arati
322 2096 491 2141 mireris
523 2103 567 2141 et
593 2096 930 2141 moderationem
971 2095 1104 2141 animi
1129 2104 1173 2140 et
1200 2092 1467 2156 placabilita-

178 2207 283 2244 tem.
363 2189 474 2242 cum
503 2198 621 2242 enim
651 2215 675 2242 a
704 2198 913 2243 Demetrii
943 2197 1172 2258 aliquando
1196 2196 1306 2241 duce
1329 2198 1469 2257 pugna

182 2307 288 2344 esset
315 2306 548 2357 superatus,
572 2298 818 2359 multusque
847 2292 1146 2342 increbruisset
1175 2311 1337 2352 rumor,
1366 2289 1468 2343 cae-

181 2416 275 2447 sum
318 2414 418 2444 eum
461 2407 686 2461 captumve
730 2415 816 2445 esse
835 2420 862 2447 ε·
899 2400 1131 2460 Diogenes,
1180 2401 1318 2447 Piraei
1340 2418 1469 2464 ‚prae-

180 2501 290 2547 sidio
321 2501 559 2563 praefectus
575 2536 588 2557 ,
635 2501 770 2548 missis
802 2487 1054 2549 Corinthum
1081 2503 1240 2560 literis,
1289 2507 1337 2551 ea
1366 2507 1472 2552 urbe
1500 2566 1508 2575 β

177 2606 393 2660 Achaeos,
426 2614 594 2652 mortuo
626 2605 787 2669 quippe
810 2604 966 2663 Arato,
1000 2607 1154 2654 cedere
1172 2607 1313 2669 jussit.
1347 2609 1474 2654 Forte
