1630 3217
804 329 861 371 26

191 472 446 532 colloquens.
480 470 772 532 Exploratores
790 505 801 525 ‚
835 469 917 516 hoc
947 479 1235 533 strategemate
1274 472 1465 533 decepti,

189 575 321 619 multo
361 587 460 618 cum
502 575 587 620 risu
629 575 855 619 dixerunt:
893 573 1003 635 nihil
1046 577 1238 639 profecto
1290 587 1480 639 tyranno

188 680 378 726 timidius
395 716 407 735 ‚
463 679 807 742 quandoquidem
858 680 1051 727 Nicocles
1103 691 1263 729 tantam
1319 684 1468 729 urbem

186 787 397 848 possidens
440 793 658 847 tantasque
683 786 855 846 copias,
901 785 981 830 sihi
1009 785 1062 828 ab
1084 785 1347 829 adolescente
1375 801 1467 829 me-

185 889 269 933 tuit
294 888 410 932 exilii
439 889 503 933 sui
529 889 681 934 viatica
709 890 755 933 in
779 889 1013 949 voluptates
1041 897 1085 933 et
1110 889 1301 934 convivia
1315 888 1467 942 diurna

187 994 435 1038 insumente.
501 992 651 1035 Aratus
679 990 808 1051 igitur
823 1025 835 1044 ,
870 991 1138 1036 callidissimo
1166 992 1250 1036 hoc
1295 992 1466 1037 consilio

185 1111 280 1141 usus
298 1130 310 1150 ,
354 1095 594 1139 imminenti
636 1108 721 1138 sese
744 1094 931 1154 periculo
961 1094 1118 1155 eripit,
1151 1110 1245 1140 suos
1272 1097 1469 1158 adsequi-

185 1211 253 1246 tur
274 1236 285 1255 ,
318 1201 500 1261 impellit
526 1200 739 1253 labantes,
774 1200 995 1261 adjuvante
1021 1201 1188 1246 fortuna
1214 1210 1257 1247 et
1270 1203 1467 1263 Apolline

159 1306 162 1309 ’
183 1305 371 1365 propitio
409 1303 448 1350 1)
464 1338 475 1357 ,
507 1287 634 1364 parva
661 1318 790 1347 manu
812 1302 1003 1363 adjutus,
1020 1303 1278 1349 clandestino
1292 1306 1469 1351 intro'itu

184 1411 289 1454 urbe
319 1410 498 1470 potitur.
563 1408 775 1453 Continuo
802 1408 856 1452 ad
881 1407 1003 1453 aedes
1028 1409 1196 1469 tyranni
1224 1418 1267 1453 et
1301 1418 1470 1469 praeto-

183 1514 295 1556 rium
329 1512 577 1565 contendit,
627 1512 702 1555 ubi
740 1512 990 1556 mercenarii
1031 1512 1186 1555 milites
1220 1521 1469 1572 pernoctare

137 1669 140 1673 ,
182 1616 384 1660 solebant.
450 1613 657 1662 Omnibus
701 1614 1014 1675 comprehensis
1031 1650 1044 1669 ‚
1091 1617 1261 1660 nemine
1299 1618 1437 1662 occiso
1456 1652 1467 1670 ,

184 1721 327 1765 statim
348 1720 402 1763 ad
427 1720 582 1764 amicos
605 1720 766 1763 dimisit
793 1720 868 1780 qui
894 1719 1074 1779 singulos
1101 1719 1153 1763 ad
1179 1735 1221 1763 se
1257 1730 1467 1766 vocarent.

184 1829 315 1871 Facto
356 1826 545 1886 undique
585 1841 820 1880 concursu,
856 1827 1130 1887 omniumque
1157 1827 1295 1871 adhuc
1320 1818 1481 1873 animis‘

184 1931 239 1974 ob
281 1931 490 1974 incertum
530 1945 744 1974 rumorem
778 1930 1005 1989 suspensis,
1038 1944 1189 1991 praeco
1211 1932 1255 1975 in
1281 1934 1470 1979 medium

184 2050 420 2097 progressus
446 2034 605 2087 edixit,
641 2033 818 2079 Aratum
838 2068 848 2086 ‚
885 2033 1047 2078 Cliniae
1072 2033 1208 2077 filium
1226 2069 1237 2086 ,
1270 2035 1322 2078 ad
1337 2034 1472 2079 liber-

186 2148 314 2184 tatem
340 2139 449 2184 cives
465 2153 628 2183 vocare.
662 2137 854 2196 Sicyonii
873 2171 883 2190 ,
901 2144 992 2181 tum
1017 2136 1190 2181 demum
1202 2136 1474 2190 confidentes,

186 2242 326 2288 adesse
366 2258 473 2302 quae
504 2244 595 2302 jam
640 2240 742 2285 olim
768 2239 1143 2301 exspectavissent,
1173 2239 1398 2285 confertim
1419 2242 1470 2285 ad

185 2348 354 2408 tyranni
395 2344 663 2391 domicilium
697 2352 953 2406 properant,
1002 2344 1227 2405 ignemque
1251 2345 1291 2389 ei
1321 2345 1471 2389 admo-

185 2465 296 2501 vent.
330 2454 501 2498 Flamna
532 2454 676 2513 ingens
695 2443 955 2494 'Corinthum
975 2465 1105 2509 usque
1121 2450 1225 2493 luxit
1237 2465 1470 2510 parumque

235 2678 265 2711 1)
314 2670 491 2714 σύνθημα
514 2669 707 2716 παραδοὺς
733 2668 954 2706 Ἀπόλλωνα
981 2670 1213 2719 ὑπερδέξιον.
