1630 3217
812 263 838 303 8

170 400 311 458 redire
342 409 572 461 coeperunt
601 402 758 446 Achaei
799 401 852 449 ¹).
887 404 1019 450 Primi
1051 407 1239 451 omnium
1256 406 1455 467 Dymaei,

109 509 117 513 “
167 500 384 545 Patrenses
400 535 411 553 ‚
449 502 708 549 Tritaeenses
736 514 777 549 et
804 505 1082 563 Phareenses,
1120 508 1300 569 repetito
1316 517 1456 554 vetere

164 610 357 673 instituto
378 644 389 664 ,
423 610 475 654 ad
508 611 750 656 libertatem
777 614 1108 675 recuperandam
1148 610 1450 674 conspirarunt.

163 714 321 778 Quinto
352 725 447 776 post
471 732 581 760 anno
606 726 866 763 accesserunt
881 717 1100 779 Aegienses
1117 753 1128 773 ,
1163 720 1299 779 ejecto
1331 733 1453 779 prae-

160 816 266 861 sidio
309 818 584 865 Macedonico
617 829 659 865 et
684 820 804 865 Burii
821 855 834 875 ‚
852 808 1099 867 'interfecto'
1125 831 1300 882 tyranno
1318 856 1330 877 ,
1367 820 1454 867 Ca-

161 936 357 980 rynenses
393 932 562 976 autem,
611 925 702 984 ipso
743 934 924 983 tyranno
965 928 1116 972 urbem
1140 927 1362 981 tradente,
1401 908 1453 970 *ac

162 1027 313 1070 sensim
353 1025 424 1070 alii
465 1036 558 1087 post
583 1026 685 1072 alios
719 1002 905 1087 tyrannis
943 1028 1140 1084 liberati,
1187 1032 1322 1077 donec
1354 1041 1454 1076 tan-

160 1131 257 1175 dem
296 1147 439 1176 omnes
484 1133 663 1193 regionis
704 1134 816 1178 illius
858 1133 1044 1177 civitates
1068 1136 1115 1177 sin
1143 1150 1276 1179 unum
1306 1138 1453 1180 foedus

163 1238 358 1277 co'ierunt
396 1236 449 1283 2).
499 1235 617 1280 Tunc
648 1243 789 1280 autem
809 1270 819 1289 ‚
853 1245 1074 1297 postquam
1114 1238 1339 1299 aliquando
1380 1256 1454 1299 pa-

163 1352 228 1381 res
266 1338 449 1382 consiliis
488 1339 571 1382 suis
611 1336 876 1383 Achaeorum
913 1338 1149 1399 respublica
1179 1340 1305 1399 duces
1333 1349 1454 1385 nacta

160 1452 249 1487 erat
269 1478 280 1496 ,
314 1444 433 1487 brevi
463 1447 653 1502 tempore
678 1442 740 1485 illi
770 1442 873 1503 quid
898 1442 942 1486 in
972 1458 1019 1485 ea
1047 1443 1200 1486 virium
1228 1459 1276 1488 ac
1290 1443 1454 1488 roboris

158 1547 347 1600 viveret,
380 1546 519 1607 palam
562 1546 783 1600 fecerunt,
826 1558 1013 1606 ‚cumque
1054 1544 1260 1589 indefesso
1302 1544 1450 1589 ardore

155 1658 197 1693 et
239 1649 530 1710 persuadendo
569 1658 696 1710 atque
722 1648 948 1692 alliciendo
978 1657 1021 1716 et
1045 1648 1277 1696 fortitervi
1305 1658 1347 1693 et
1372 1662 1447 1692 ar-

154 1753 235 1797 mis
267 1752 454 1812 cogendo
471 1786 482 1805 ,
518 1752 761 1796 societatem
790 1751 1013 1795 extendere
1042 1766 1158 1795 suam
1189 1752 1233 1794 in
1246 1751 1334 1795 dies
1350 1767 1447 1794 ma-

153 1857 216 1916 gis
257 1856 545 1908 elaborarent,
594 1856 752 1918 facturn
797 1862 885 1908 est,
934 1863 980 1897 ut
1020 1855 1177 1898 mirum
1204 1856 1247 1897 in
1273 1855 1449 1899 modum

153 1960 418 2004 Achaeorum
459 1960 695 2020 respublica
737 1974 814 2018 per
837 1966 970 2002 totam
1008 1958 1343 2016 Peloponnesum
1373 1959 1447 2000 in-

146 2065 369 2109 valesceret
389 2099 398 2116 ,
434 2064 671 2123 opibusque
698 2062 964 2106 validissimis
993 2076 1140 2121 regum
1154 2062 1439 2106 Macedonum

194 2202 235 2249 ¹)'
277 2208 403 2242 Strab0
428 2208 455 2242 l.
480 2209 586 2242 VIII.
612 2208 647 2241 7.
676 2207 694 2252 ξ
722 2210 756 2242 l.
782 2208 908 2252 ῧςερον
934 2165 969 2240 d'
1009 2206 1080 2240 ὑπὸ
1113 2207 1184 2240 τῶν
1210 2206 1443 2240 Μακεδόνων

143 2279 325 2322 λυθείσης
352 2280 416 2321 τῆς
447 2279 653 2318 κοινωνίας,
689 2276 875 2317 ἀνέλαβον
907 2278 995 2316 σφᾶς
1021 2276 1132 2310 πάλιν
1158 2277 1254 2310 κατὰ
1297 2276 1425 2322 μικρόν

142 2345 272 2393 Polyb.
298 2344 436 2392 11441.
464 2346 523 2394 42³

189 2426 223 2458 2)
272 2413 441 2460 Exceptis
466 2412 578 2449 Oleno
604 2420 640 2448 et
662 2411 785 2448 Helice
804 2437 813 2454 ‚
841 2424 988 2458 quarum
1015 2410 1078 2447 illa
1104 2412 1254 2448 caeteris
1284 2425 1317 2448 se
1356 2412 1446 2458 jun-

140 2496 221 2528 gere
248 2483 447 2521 recusavit,
476 2481 602 2517 Strabo
626 2480 729 2516 VIII.
758 2484 790 2516 1.
816 2480 901 2516 haec
925 2493 1005 2515 vero
1041 2481 1075 2515 vi
1104 2480 1294 2522 fluctuum,
1334 2482 1440 2518 hien-

139 2555 236 2588 nium
264 2561 345 2588 ante
384 2563 533 2598 pugnam
566 2550 789 2587 Leuctricam
820 2548 986 2595 absorpta
1015 2549 1103 2585 suit.
1152 2550 1204 2586 De
1231 2549 1334 2587 Oleni
1361 2562 1445 2586 vero

138 2625 222 2660 fatis
246 2631 408 2660 auctores
434 2621 572 2669 antiqui
601 2621 833 2657 dissentiunt.
