1630 3217
770 259 852 302 157

169 401 271 446 ordo
291 436 303 456 ‚
336 402 405 445 cui
431 401 515 445 vim
542 414 656 444 suam
671 398 929 459 gloriamque
941 397 1092 457 Sparta
1103 395 1312 441 referebat
1326 394 1450 439 debi-

170 513 280 559 tam,
306 507 399 565 jam
424 504 584 549 dudum
602 502 647 545 in
660 500 840 550 deterius
854 506 1064 553 mutatus,
1081 499 1218 560 vigere
1234 498 1408 545 desierat
1428 518 1439 555 ;

172 607 285 667 quod
325 608 413 667 ipse
459 614 632 652 testatur
662 603 862 662 Polybius
890 602 920 648 l.
948 602 1023 648 IV.
1055 618 1095 650 c.
1127 605 1214 648 81:
1252 604 1354 657 „Ita
1382 619 1447 648 er-
1506 655 1515 664 Ρ

171 724 223 768 go
242 713 286 761 ,''
321 708 461 770 inquit
479 743 491 763 ,
529 705 894 762 „Lacedaemonii
912 740 924 759 ,
958 706 1033 766 qui
1059 715 1153 765 post
1184 706 1284 750 latas
1310 723 1335 751 a
1362 708 1448 768 Ly-

117 839 128 849 ·
170 827 298 872 curgo
327 812 463 872 leges,
508 811 791 872 pulcherrima
827 810 1045 871 republica
1082 810 1177 864 usi,
1224 810 1448 854 maximam

169 914 402 974 potentiam
444 913 496 957 ad
538 930 721 975 pugnam
762 930 891 975 usque
931 913 1197 958 Leuctricam
1243 913 1445 959 obtinue-

166 1027 288 1066 rant:
335 1028 555 1080 postquam
595 1018 764 1064 fortuna
801 1019 900 1080 ipsis
939 1019 987 1063 in
1024 1019 1282 1063 contrarium
1309 1019 1446 1064 'vertit

169 1124 393 1184 coepitque
420 1138 565 1168 eorum
601 1123 838 1184 respublica
876 1123 1006 1183 magis
1041 1123 1254 1184 magisque
1284 1123 1328 1167 in
1356 1123 1444 1168 dies

166 1235 278 1271 retro
305 1227 470 1271 sublabi
500 1242 550 1271 ac
589 1227 690 1270 ferri
717 1227 762 1269 in
803 1228 923 1286 pejus
941 1258 956 1280 ,
1000 1227 1052 1270 ad
1094 1237 1327 1272 extremum
1368 1244 1445 1271 ae-

168 1347 335 1376 rumnas
362 1331 562 1391 plurimas
587 1329 894 1389 seditionesque
922 1329 1136 1373 intestinas
1166 1338 1262 1373 sunt
1293 1345 1446 1391 exper-

166 1435 250 1481 ti.”
314 1433 498 1494 Tyranni
534 1442 674 1478 autem
708 1432 882 1477 nomine
917 1431 1085 1493 qualem
1125 1440 1269 1477 auctor
1309 1432 1441 1478 intel-

162 1537 332 1591 lexerit,
365 1535 480 1581 hisce
508 1535 643 1580 verbis
670 1534 888 1595 exposuit:
936 1533 1001 1581 ΙΙ.
1038 1536 1113 1579 59.
1152 1536 1254 1579 αὐτὸ
1285 1538 1435 1580 τοῦνο-

163 1658 223 1695 μα
250 1641 428 1698 περιέχει
466 1643 544 1694 τὴν
586 1641 837 1697 ἀσεβεςάτην
880 1639 1058 1691 ἔμφασιν
1088 1640 1160 1680 καὶ
1188 1643 1325 1687 πάσας
1360 1654 1439 1681 πε-

163 1741 344 1797 ριείληφε
372 1744 447 1790 τὰς
477 1744 523 1785 ἐν
551 1743 796 1797 ἀνθρώποις
817 1740 985 1789 ἀδικίας
1008 1742 1080 1783 καὶ
1101 1741 1366 1797 παρανομίας
1386 1736 1440 1786 ¹).

214 1970 247 2002 1)
294 1968 380 2005 Cum
400 1968 465 2004 hac
485 1966 681 2015 Polybiana
706 1968 849 2015 tyranni
871 1967 1108 2015 descriptione
1124 1993 1133 2009 ‚
1161 1968 1265 2015 digna
1291 1969 1433 2007 omnino

164 2045 246 2073 sunt
279 2051 366 2084 quae
400 2037 625 2073 conserantur
650 2037 754 2072 verba
775 2036 956 2072 Ciceronis
984 2036 1025 2071 de
1050 2037 1137 2083 Rep.
1162 2036 1211 2071 ΙΙ.
1237 2039 1307 2073 26:
1332 2039 1438 2074 simul

164 2111 272 2152 atque
302 2108 391 2140 enim
426 2118 461 2140 se
499 2107 638 2150 inflexit
675 2106 727 2140 hic
764 2108 828 2140 r'ex
849 2108 886 2139 in
908 2107 1127 2140 dominatum
1152 2107 1370 2151 injustiorem
1384 2108 1438 2153 fit

164 2176 327 2209 continuo
363 2178 562 2221 tyrannus,
602 2185 669 2220 quo
703 2185 814 2220 neque
853 2176 980 2208 tetrius
1001 2186 1111 2220 neque
1124 2177 1265 2221 foedius
1286 2188 1349 2211 nec
1370 2179 1437 2211 diis

161 2240 419 2289 hominibusque
441 2244 584 2278 invisius
602 2244 737 2277 animal
762 2243 875 2276 ullum
897 2244 1049 2286 coqitari
1067 2247 1197 2287 potest:
1210 2246 1294 2290 qui,
1310 2258 1440 2291 quam-

161 2325 270 2359 quam
296 2314 426 2358 fiqurd
461 2318 511 2349 est
530 2315 691 2356 hominis,
719 2325 855 2349 morum
878 2317 998 2348 tamen
1024 2315 1249 2349 immanitate
1275 2316 1437 2350 vastissi-

163 2395 239 2418 mas
258 2384 368 2419 vincit
394 2385 539 2420 belluas.
567 2406 613 2412 —
638 2384 759 2420 Livius
775 2408 785 2426 ‚
811 2382 998 2431 Polybium
1023 2391 1163 2419 secutus
1178 2408 1188 2424 ‚
1216 2382 1433 2419 Cleomenem

160 2460 346 2500 tyrannum
365 2462 467 2489 vocat
490 2454 615 2491 XXIV.
629 2457 687 2490 26.
713 2454 765 2490 De
793 2454 991 2501 tyrannidis
1016 2454 1108 2490 inter
1118 2454 1271 2490 Graecos
1285 2461 1365 2490 ortu
1378 2462 1437 2491 at-

160 2533 226 2567 que
255 2519 380 2556 natura
400 2520 445 2557 cf.
472 2520 542 2556 viri
564 2521 752 2560 clarissimi
773 2522 840 2561 Ph.
869 2518 973 2561 Guil.
996 2535 1062 2561 van
1085 2523 1244 2561 Heusdez
1270 2524 1437 2561 Diatribe

163 2593 201 2624 in
225 2591 385 2625 civitates
409 2592 589 2636 antiquas.
