1630 3217
792 277 875 319 169

196 421 395 466 habentes
415 455 426 474 ,
460 419 611 463 horum
636 432 803 477 quoque
833 432 950 477 agros
977 414 1139 475 impetu
1166 413 1309 456 hostili
1332 414 1473 458 ineur-

198 535 281 570 ant.
317 525 429 568 Hine
459 521 763 569 Messeniorum
790 517 984 579 querelae
1015 527 1142 577 atque
1168 517 1472 576 expostulatio-

193 647 264 674 nes
286 662 297 680 ,
333 629 596 672 Achaeorum
614 627 674 669 ira
690 633 815 682 atque
831 622 1076 682 indignatio,
1111 621 1210 664 Erat
1225 637 1271 665 eo
1284 630 1473 682 tempore

191 734 361 776 Praetor
400 722 677 781 Tinioxenus,
728 725 801 787 qui
821 760 832 779 ‚
869 740 1000 786 quum
1023 726 1200 785 jamjam
1228 725 1471 785 magistratu

190 843 293 878 esset
316 832 521 884 abiturus,
551 839 607 883 et,
635 837 806 889 propter
821 843 986 873 causam
1006 863 1018 882 ,
1054 844 1181 888 quam
1196 844 1318 888 supra
1330 829 1470 882 attuli,

190 950 338 996 parum
369 936 485 994 genti
511 949 604 978 suae
631 932 885 986 confideret,
902 932 1212 992 expeditionem
1243 931 1471 975 militarem

146 1102 147 1105 Ἴ
189 1056 439 1101 omnemque
483 1039 767 1084 multitudinis
808 1037 1173 1098 congregationem
1217 1036 1468 1097 refugiebat.

187 1147 336 1189 Aratus
377 1157 498 1196 vero,
547 1142 717 1202 indigne
762 1140 1007 1184 Aetolorum
1038 1140 1212 1200 injurias
1234 1141 1368 1184 ferens
1395 1156 1468 1183 eo-

187 1262 365 1307 rumque
426 1247 599 1305 audacia
636 1244 907 1289 vehementer
946 1247 1212 1289 exacerbatus
1247 1280 1258 1298 ‚
1309 1246 1471 1289 ardenti

188 1349 319 1392 animi
345 1350 508 1407 impetu
536 1348 588 1390 ad
617 1347 822 1390 ultionem
852 1346 1119 1407 progreditur
1136 1381 1148 1400 ,
1182 1355 1228 1390 ut
1253 1348 1326 1407 qui
1343 1382 1353 1400 ‚
1389 1362 1471 1390 non

189 1460 279 1497 tum
309 1451 524 1510 primum,
558 1450 629 1492 sed
651 1451 743 1509 jam
769 1450 935 1509 pridem
965 1450 1029 1492 illi
1048 1451 1207 1494 nationi
1237 1451 1379 1496 fuisset
1405 1453 1473 1494 in-

187 1554 452 1599 fensissimus
519 1553 800 1610 Quamobrem
821 1587 832 1608 ‚
865 1568 962 1596 eum
977 1552 1249 1598 Timoxenum
1267 1563 1471 1598 cunctan-

186 1660 239 1702 do
277 1669 441 1718 tempus
486 1668 620 1702 terere
662 1659 821 1702 videret
857 1692 869 1711 ,
916 1660 1006 1718 ipse
1050 1668 1190 1702 autem
1224 1661 1269 1702 in
1312 1675 1470 1704 annum

185 1764 423 1822 proximum
460 1764 633 1807 Praetor
672 1762 910 1821 designatus
944 1771 1077 1814 esset,
1126 1762 1300 1822 publico
1339 1762 1474 1821 sigillo

185 1873 356 1924 accepto
376 1899 387 1917 ‚
421 1864 569 1908 diebus
599 1865 790 1924 quinque
813 1865 1030 1924 praecepit
1066 1865 1291 1924 imperium
1310 1900 1322 1919 ,
1356 1867 1473 1910 festi-

183 1976 328 2011 nanter
355 1966 542 2011 Achaeos
560 2000 573 2022 ,
606 1975 652 2009 ut
682 1966 893 2011 Messeniis
924 1967 1215 2010 subveniretur
1235 2001 1245 2019 ,
1280 1967 1332 2011 ad
1357 1982 1470 2011 arma

184 2071 369 2139 vocavit,
402 2070 617 2130 literisque
642 2070 694 2114 ad
725 2070 913 2115 civitates
938 2071 1070 2114 missis
1087 2105 1099 2124 ‚
1133 2071 1348 2115 universae
1364 2072 1471 2131 pubi

186 2173 358 2217 militari
386 2173 527 2228 diem,
563 2175 643 2235 qua
674 2171 956 2234 Megalopolin
986 2174 1289 2228 convenirent,
1324 2175 1469 2221 edixit.

186 2276 329 2322 Monet
371 2277 521 2321 deinde
548 2276 715 2322 Aetolos
745 2285 792 2320 ut
819 2293 867 2322 ex
893 2294 991 2339 agro
1017 2279 1319 2324 Messeniorum
1346 2296 1472 2324 exce-

185 2382 286 2427 dant
334 2398 470 2445 neque
514 2387 559 2429 in
602 2385 806 2430 Achaiam
844 2386 999 2447 pedem
1032 2387 1245 2431 inferant:
1283 2388 1469 2446 alioquin

185 2501 261 2546 pro
290 2486 478 2531 hostibus
504 2505 544 2532 se
575 2488 849 2544 habiturum,
884 2491 916 2533 si
950 2491 1022 2550 qui
1053 2489 1385 2548 ingrederentur.

245 2591 479 2636 Videbatur
523 2594 693 2652 omnino
713 2628 723 2646 ‚
761 2608 843 2654 quo
876 2595 1036 2655 impetu
1064 2596 1306 2655 quantaque
1334 2594 1471 2639 consi-
