1630 3217
777 278 864 322 136

175 418 363 464 laturum
394 434 481 464 esse
500 427 743 480 constanter
760 420 939 480 anegavit
959 437 975 475 ;-
1006 429 1097 466 tum
1134 435 1232 466 vero
1248 451 1263 476 ,
1294 434 1425 483 quum
1440 452 1453 477 ,

173 531 368 583 superato
414 521 573 568 Isthmo
592 557 605 578 ‚
652 522 776 567 urbes
813 522 1043 583 plurimas,
1082 522 1305 573 Cleomeni
1332 499 1456 583 erep}

173 630 261 679 tas,
321 623 501 679 Achaeis
544 622 784 670 restitueret
810 659 823 680 ‚
884 623 1192 672 Orchomenum
1244 627 1332 688 ipse
1371 620 1458 671 sibi-

173 725 403 771 vindicavit
453 727 742 790 retinuitque,
777 730 822 775 id
862 746 1018 791 agens-3
1060 741 1130 787 ut,
1171 749 1256 778 non
1291 728 1454 789 aditum

172 827 389 873 dumtaxat
430 829 611 874 liberum
654 832 725 887 ins.
741 832 1079 892 Peloponnesum
1129 834 1334 888 haberet,
1382 833 1453 878 sed

170 934 479 979 medi-terranea
508 937 637 981 etiam
664 935 925 992 custodiret,
972 954 1054 1001 ope
1081 940 1309 1001 praesidii,
1341 940 1453 1002 qnod

172 1039 241 1083 illi
266 1039 473 1085 Arcadiae
500 1042 599 1086 urbi
629 1042 890 1101 imposuisset
929 1041 985 1088 ¹).
1019 1043 1191 1094 „Enim
1221 1057 1318 1085 vero
1332 1049 1379 1097 ,⁹⁹
1397 1044 1455 1087 ait

174 1140 407 1187 Chiaeneas
421 1177 434 1197 ,
474 1144 518 1186 in
540 1144 754 1195 oratione,
791 1157 920 1203 quam
949 1141 1002 1186 ab
1029 1157 1080 1186 eo
1106 1142 1217 1203 apud
1242 1142 1453 1187 Lacedae-

170 1231 334 1289 monios
372 1243 563 1289 habitam
594 1245 706 1288 idem
741 1254 886 1289 auctor
925 1243 1131 1298 tradidit,
1179 1244 1455 1305 „Antigonus

169 1346 332 1392 bellum
358 1347 549 1392 adversus
588 1364 658 1391 vos
687 1347 899 1407 suscepit,
932 1361 1017 1390 non
1047 1361 1097 1390 eo
1123 1362 1220 1391 sane
1248 1348 1449 1402 consilio,

166 1461 215 1496 ut
244 1450 436 1496 Achaeos
462 1460 668 1505 servaret,
717 1458 790 1494 aut
818 1450 960 1511 quod,
1006 1450 1231 1509 tyrannide
1261 1450 1454 1499 Cleome'-

167 1556 232 1598 nis
254 1555 459 1609 offensus,
492 1554 537 1598 in
569 1554 809 1599 libertatem
837 1553 1055 1598 vindicare·
1075 1570 1146 1600 vos
1174 1555 1325 1610 vellet,
1361 1558 1454 1605 (nia-

167 1657 278 1700 miae
305 1665 419 1701 certe
444 1656 647 1701 stultitiae
674 1656 889 1716 specimen
911 1656 1029 1700 daret
1046 1691 1061 1712 ,
1092 1657 1127 1701 si
1149 1658 1242 1717 quis
1270 1667 1453 1702 vestrum

171 1759 384 1820 ejusmodi
413 1758 468 1803 de
484 1774 534 1803 eo
564 1758 809 1818 opinionem
824 1757 1084 1819 conceperit)
1104 1792 1115 1812 ,
1149 1758 1220 1802 sed
1245 1759 1453 1820 intellige-

167 1864 242 1908 bat
266 1862 496 1917 nimiruum,
529 1862 563 1906 si
590 1870 772 1905 vestrum
797 1860 924 1905 semei
952 1860 996 1903 in
1021 1859 1344 1921 Peloponnesios
1370 1861 1452 1906 im-

167 1966 337 2027 perium
368 1967 477 2010 foret
505 1965 781 2011 constitutum
799 1999 812 2019 ,
860 1981 978 2009 suam
1016 1964 1098 2009 sibi
1141 1980 1292 2024 parum
1316 1973 1453 2009 tutam

170 2068 503 2113 dominationem
542 2058 791 2137 futuram;''
839 2078 881 2112 et
928 2060 1071 2128 paulic
1108 2076 1204 2128 post
1262 2059 1453 2121 „timore

169 2173 294 2218 simul
325 2181 369 2217 et>
395 2164 556 2217 i'nvidia
583 2180 817 2217 commotus
846 2172 1018 2226 aderat,
1051 2186 1137 2215 non
1167 2181 1213 2217 ut
1238 2161 1453 2231 Pelopon-

167 2276 295 2321 nesiis
320 2276 451 2321 ferret
482 2293 605 2338 opem
626 2311 639 2332 ‚
682 2278 754 2323 sed
793 2285 841 2322 ut
864 2292 958 2338 spes
982 2284 1136 2322 vestras
1173 2274 1289 2321 vobis
1314 2273 1451 2335 eripe-

166 2388 259 2437 ret,
296 2379 622 2442 potent-iamque
658 2390 839 2427 vestram
881 2380 1137 2425 eminentem
1181 2378 1452 2425 humiliorem

219 2612 249 2647 ι)
298 2604 364 2641 IV.
388 2608 425 2642 6.
