1630 3217
765 282 856 324 123

168 438 295 493 atque
333 428 457 475 urbes
492 426 683 486 undique
717 440 742 468 a
781 437 987 471 novarum
1014 436 1161 468 rerum
1187 418 1381 467 studiosis
1404 421 1462 467 a&

170 534 454 579 defectionem
476 528 641 590 impelli
654 545 668 570 ε
713 528 825 573 nihil
851 527 965 572 enim
992 527 1180 588 quietem
1203 528 1354 588 agebat
1387 535 1461 572 aut

169 632 380 700 praesenti
405 646 551 678 rerum
580 637 692 676 statu
717 629 1010 692 acquiescebat
1046 624 1102 678 ¹³).
1164 629 1278 675 Illud
1318 638 1463 676 antem,

170 740 316 804 quieta
330 735 531 787 movendi
542 735 815 797 novandique
832 735 1019 780 studium
1044 730 1173 794 quam
1201 734 1321 794 longe
1343 722 1466 793 serp-

170 846 274 889 serit
301 841 658 902 vehementerque
678 839 863 901 flagrarit
876 871 891 893 ‚
923 854 975 883 ex
1000 836 1085 881 illis
1099 872 1112 891 ,
1146 853 1253 899 quae
1281 837 1466 894 Sicyone

170 955 215 992 et
245 945 440 992 Corinthi
454 944 698 991 acciderunt
714 978 731 999 ,
761 944 981 1004 insigniter
994 943 1148 1004 patuit.
1186 942 1353 1001 Nempe
1371 975 1385 995 ‚
1417 941 1467 985 in

169 1048 236 1094 his
265 1048 364 1110 ipsis
391 1047 633 1093 civitatibus
649 1077 676 1101 ,a
696 1046 852 1107 quibus
875 1061 900 1089 a
922 1044 1147 1106 tyrannide
1162 1047 1207 1090 in
1222 1044 1464 1089 libertatem

170 1151 434 1198 vindicandis
451 1184 464 1205 ‚
496 1150 664 1196 virtutis
689 1165 788 1194 suae
808 1148 1018 1211 primitias
1039 1148 1231 1193 ediderat
1250 1148 1463 1210 quondam

170 1257 351 1311 Aratus,
382 1256 509 1302 multi
535 1256 789 1318 deprehensi
813 1257 985 1302 fuerunt
1003 1292 1016 1313 ,
1049 1257 1156 1319 qui,
1189 1273 1289 1303 cum
1306 1271 1465 1318 ,prop-

174 1367 239 1404 ter
263 1358 537 1420 propriorum
562 1358 831 1404 dominorum
856 1359 1135 1415 desiderium,
1159 1360 1337 1406 salutem
1348 1341 1465 1406 corn->

172 1478 349 1509 munem
370 1465 462 1524 jam
490 1463 659 1524 pridem
696 1463 994 1523 neglexissent,
1038 1463 1093 1507 de
1127 1461 1329 1506 tradenda
1356 1461 1462 1506 urbe

173 1565 385 1625 colloquia
410 1581 509 1609 cum
532 1564 758 1610 Cleomene
785 1565 1006 1627 agitarent.
1070 1567 1125 1611 Et
1150 1582 1248 1611 vero
1265 1600 1278 1620 ,
1310 1583 1463 1627 parum

174 1666 312 1712 abfuit
327 1702 341 1723 ,
388 1667 493 1728 quin
537 1668 590 1712 ab
631 1666 706 1712 illo
745 1666 903 1728 Sicyon
943 1667 1186 1728 proditione
1225 1676 1464 1729 caperetur.

174 1769 335 1816 Achaei
379 1780 549 1827 autem,
596 1787 651 1816 ne
694 1787 759 1817 res
796 1787 846 1818 eo
889 1771 1107 1818 deveniret
1132 1807 1146 1828 ,
1200 1781 1434 1819 metuentes
1451 1806 1466 1827 ,

174 1872 382 1935 praesidio
407 1873 531 1932 Argis
559 1872 744 1919 deducto
761 1909 774 1928 ,
808 1874 933 1919 urbes
959 1874 1051 1919 illas
1080 1877 1462 1923 communiverant.

174 1978 272 2023 Jam
298 1992 397 2022 vero
417 1976 569 2022 Aratus
584 2011 596 2029 ,
642 1977 914 2022 factiosorum
944 1977 1121 2023 istorum
1161 1979 1350 2024 animum
1380 1977 1465 2023 mi-

177 2079 277 2126 tiori
307 2080 496 2127 remedio
533 2080 661 2126 leniri
701 2081 818 2127 haud
856 2099 976 2144 posse
1011 2060 1213 2145 reputans
1228 2120 1240 2140 ‚
1289 2085 1466 2131 liberam

178 2182 371 2229 adversus
407 2198 478 2228 eos
514 2192 765 2245 potestatem
805 2191 975 2240 nactus,
1023 2200 1125 2247 quos
1154 2186 1336 2248 Sicyone
1365 2202 1466 2232 cor—

178 2297 324 2350 ruptos
351 2290 540 2353 reperit,
584 2291 728 2335 necari
763 2290 904 2351 jussit.
969 2289 1092 2349 Quod
1133 2307 1231 2338 cum
1271 2291 1465 2338 Corinthi

232 2533 265 2573 ἰ)
313 2531 369 2569 Cf.
397 2534 442 2570 V.
466 2536 583 2574 Arati
604 2550 634 2574 c.
658 2537 854 2578 XXXIX.
894 2541 937 2578 V.
965 2542 1153 2578 Cleomenis
1175 2539 1465 2579 XVIIss-XIX.

181 2597 306 2647 Polyb.
331 2601 394 2647 II,
420 2603 480 2638 52.
