1630 3217
776 332 831 372 59

165 489 267 536 quos
295 475 410 528 dixi,
452 473 624 534 Argivi,
658 473 983 516 Hermionenses
1010 486 1182 532 quoque
1208 480 1250 514 et
1278 471 1447 517 Phliasii

101 634 103 637 .
159 578 322 624 foederi
351 592 507 623 nomen
529 564 761 621 dederunt.v
816 574 881 618 De
914 571 1102 633 Lydiade
1140 579 1280 615 tamen
1306 571 1450 633 Mega-

164 680 396 739 lopolitano
417 678 591 740 historia
605 711 619 732 ,
652 677 768 738 testis
798 684 1066 740 temporum,
1112 671 1255 741 paullo
1287 675 1446 735 majora

163 781 278 826 canit
302 783 371 845 ᾖ).
435 782 477 827 Is
506 782 621 826 enim
644 782 715 825 cui
733 813 749 835 ,
774 780 947 841 juveni,
978 796 1083 824 vana
1105 779 1261 841 gloriae
1289 780 1446 839 species

162 884 317 929 mentis
330 884 473 943 oculos
484 885 543 930 ita
556 884 878 948 perstrinxerat,
894 894 966 947 ut,
980 884 1091 930 male
1109 898 1230 930 sanus
1240 918 1253 938 ,
1265 884 1443 945 patriam

161 988 433 1050 opprimeret·
466 1003 583 1034 suam
601 1021 613 1042 ,
648 1001 782 1050 quum
825 986 1088 1033 inconsultus
1129 984 1202 1030 ille
1230 985 1372 1032 fervor
1400 985 1445 1029 in

156 1098 329 1154 pectore
352 1090 630 1146 consedisset,
662 1091 916 1151 recolligere·
936 1107 980 1137 se
1006 1092 1175 1152 coepit,
1215 1100 1259 1135 et
1284 1090 1442 1136 nubem

156 1212 198 1241 se
253 1211 355 1258 pro¹
386 1197 558 1241 Junone
599 1197 840 1257 amplexum
894 1196 1132 1255 intelligens
1146 1229 1158 1247 ,
1219 1195 1328 1238 vitae
1377 1194 1441 1237 illi

156 1302 304 1367 beatae
328 1300 588 1352 valedicere,
622 1298 826 1345 aemulari
855 1299 1055 1352 Aratum,
1088 1298 1142 1343 de
1162 1297 1302 1359 patria
1320 1311 1442 1357 prae-

155 1400 267 1447 clare
312 1401 470 1447 mereri
498 1435 511 1455 ‚
574 1399 843 1447 Achaeorum
890 1401 1028 1470 socius
1088 1401 1189 1446 fieri·
1237 1400 1441 1448 decrevit.

153 1503 248 1549 Hoc
279 1511 438 1554 ,autem
497 1503 661 1549 facinus
720 1503 948 1566 quominus
992 1503 1134 1549 altiori
1181 1502 1440 1549 celebremus

150 1624 255 1654 voce
271 1643 287 1668 ³.
317 1608 424 1654 illud
457 1609 594 1654 obstat
613 1642 626 1663 ,
659 1607 773 1669 quod
799 1606 914 1651 hunc
943 1622 1114 1668 quoque
1133 1638 1146 1659 ,
1173 1606 1318 1667 prouti
1334 1622 1438 1651 cae-

151 1720 262 1756 teros
273 1732 295 1772 ,t
339 1721 476 1773 metus
523 1711 732 1771 angebat,
780 1727 835 1756 ne
862 1711 1016 1757 invitus
1047 1711 1276 1771 aliquando
1309 1710 1364 1755 ad
1392 1710 1438 1755 id

149 1826 368 1877 cogere-tur
400 1816 515 1878 quod
560 1826 709 1878 sponte
739 1832 854 1863 nunc
886 1819 958 1863 sua
983 1833 1186 1878 peragere
1217 1817 1439 1864 videbatur

148 1919 353 1979 cujusque
379 1919 620 1979 praemium
646 1919 916 1981 splendidum
947 1920 1061 1968 tulit.
1098 1919 1259 1967 Achaei
1287 1922 1402 1967 enim
1422 1955 1436 1975 ‚

147 2021 318 2067 summis
346 2022 434 2081 ejus
461 2021 660 2067 virtutem
691 2021 886 2067 laudibus
931 2024 1174 2068 extollentes
1191 2057 1205 2077 ‚
1253 2024 1435 2070 foederis

145 2139 244 2169 eum
274 2125 436 2185 saepius
468 2124 684 2184 elegerunt
708 2125 971 2172 Praetorem.
1036 2127 1267 2191 Ambiguas
1290 2137 1432 2173 tamen

149 2227 303 2274 deinde
317 2236 458 2288 partes
474 2228 574 2289 egit.
614 2227 700 2274 Sed
715 2228 771 2275 de
786 2229 974 2288 tyrannis
989 2229 1086 2276 satis
1103 2229 1268 2277 dictum
1285 2231 1339 2276 sit
1375 2234 1392 2260 ²
1402 2227 1431 2278 ).

194 2458 228 2504 ῙΞ
276 2459 508 2508 Megalopolis
524 2484 535 2502 ,
564 2458 709 2507 Polybii
733 2460 851 2507 patria
874 2467 910 2496 et
933 2458 1247 2506 Philopoemenis,
1275 2459 1358 2495 urbs
1394 2459 1429 2494 in

142 2526 292 2562 Arcadia
325 2524 815 2566 eratmobilissimaotidc'v
848 2545 887 2565 τι,
920 2533 1032 2573 μείων
1068 2529 1153 2565 οὐδῖ
1202 2532 1427 2577 &asturica

148 2603 207 2642 τῆς
229 2595 528 2641 Λακεδαίμονά».
558 2601 602 2635 V.
630 2600 833 2635 Cleomenis.
859 2613 889 2635 c.
915 2598 1043 2635 XXIII.

192 2676 224 2707 2)
274 2662 397 2711 Polyb.
425 2665 475 2700 Π.
501 2659 559 2701 44.
600 2667 772 2704 ·Plut.11·n
798 2669 938 2708 V.1Ar'·.
963 2684 995 2707 c,
1013 2671 1149 2706 XXX.
