1630 3217
793 322 880 366 146

193 466 277 511 lem
302 464 497 524 expressit
529 463 678 508 Cicero
716 466 754 527 1)
773 496 785 517 ,
819 465 1015 509 insedisse
1044 465 1312 524 opinionem:
1331 473 1473 510 tamen

190 568 259 622 si,
307 569 355 611 ea
385 537 561 628 'recepta
577 601 589 621 ,
616 567 711 626 jugi
738 566 1003 612 Macedonici
1031 567 1306 627 opprobrium
1331 581 1475 612 arcere

190 687 215 715 a
257 670 543 732 Peloponneso
588 671 821 732 potuisset,
854 688 957 718 num
981 672 1370 728 dubites‚,viru1n‚
1403 672 1473 717 vi-

187 779 286 824 vido
329 781 492 841 patriae
531 781 839 826 inflammatum
881 797 1049 835 amore,
1082 780 1311 827 istiusmodi
1329 793 1475 849 ‘rerum

182 885 588 933 commutationem,
621 880 688 924 vel
714 882 894 924 maxime
925 872 1105 927 invitum
1122 918 1135 938 ‚
1167 884 1350 927 laturum
1362 881 1471 927 fuis-

194 989 273 1032 se?
336 986 495 1032 Verum
532 984 773 1030 enimvero=
819 983 941 1029 invisi
966 982 1122 1029 aemuli
1149 985 1362 1045 ipsiusque
1390 983 1475 1027 rui-

193 1094 249 1136 n‘a
276 1092 417 1151 magni
436 1126 448 1145 ‚
482 1089 717 1136 Cleomenis
747 1090 883 1150 imago
903 1123 915 1143 ,
947 1088 1161 1150 perpetuis
1191 1088 1313 1133 illum
1337 1096 1477 1133 terro—

193 1194 309 1239 ribus
338 1194 458 1240 anxie
488 1194 735 1255 exagitabat.

257 1296 370 1353 Quid
396 1311 522 1356 porro
540 1331 552 1351 ‚
585 1304 634 1340 ut
661 1295 825 1357 reliqua
851 1308 1077 1356 persequar
1099 1328 1111 1348 ‚
1140 1292 1357 1338 immorari
1370 1298 1478 1336 tam-

197 1398 272 1441 diu
303 1398 522 1443 adtinebat
547 1399 713 1459 pompis
736 1399 825 1442 istis
849 1406 891 1440 et
921 1387 1132 1441 sacrificiis
1147 1430 1159 1449 ,
1191 1405 1363 1457 tamque
1379 1393 1478 1440 atris

191 1515 243 1543 ea
286 1499 537 1544 adumbrare
580 1500 787 1545 coloribus
804 1534 817 1553 ,
864 1517 971 1560 quae
993 1502 1182 1547 instituta
1209 1519 1233 1545 a
1263 1502 1352 1546 viro
1379 1504 1479 1547 fue-

193 1611 313 1657 rant,
348 1617 474 1663 quem
494 1638 505 1656 ‚
538 1620 623 1648 non
647 1606 738 1664 jam
765 1621 909 1658 suum,
943 1606 1123 1652 infausta
1147 1608 1339 1668 rapiebat
1353 1609 1473 1655 dies?

194 1703 259 1746 Ne
299 1702 408 1746 mihi
455 1705 683 1749 irascantur
712 1706 1002 1751 humanissimi
1032 1708 1276 1770 philosophi
1304 1712 1445 1758 Manes
1463 1749 1476 1768 ,

196 1807 260 1860 si,
295 1822 422 1868 quam
447 1807 565 1867 ipse,
597 1808 663 1852 vel
685 1823 781 1869 erga
804 1809 926 1870 culpa
950 1810 1091 1872 aliqua
1116 1813 1304 1873 graviore
1320 1814 1474 1876 lapsos,

191 1908 497 1969 indulgentiam
540 1909 785 1954 suavissimis
834 1911 970 1957 verbis
1008 1913 1214 1973 professus
1262 1923 1344 1969 est,
1392 1916 1474 1963 hoc

191 2026 288 2054 sane
331 2009 424 2054 loco
443 2045 456 2065 ,
503 2027 623 2072 aegre
647 2013 854 2060 desidero.
918 2014 1024 2071 Sed,
1065 2027 1136 2065 aut
1160 2020 1358 2081 equidem
1392 2021 1473 2065 fal-

191 2110 255 2157 lor
273 2147 286 2166 ,
335 2121 406 2157 aut
447 2112 663 2159 Plutarchi
700 2114 753 2162 de
790 2116 920 2163 Arato
939 2120 1151 2180 judicium
1180 2122 1277 2167 inde
1303 2123 1471 2184 potissi-

189 2233 308 2263 mum
338 2218 458 2265 istam
487 2221 762 2267 acerbitatem
789 2224 1021 2280 contraxit,
1055 2225 1169 2287 quod
1185 2260 1197 2281 ,
1230 2227 1392 2272 summa
1406 2243 1472 2273 re-

193 2334 289 2364 rum
332 2312 643 2380 Spartanarum‘
671 2324 947 2370 admiratione
983 2335 1129 2388 captus
1147 2360 1159 2381 ,
1193 2327 1327 2391 deque
1353 2329 1476 2376 Cleo-

192 2424 328 2469 menis
356 2426 400 2470 in
425 2427 551 2471 rebus
578 2426 778 2474 Graeciae
805 2431 1045 2478 ordinandis
1068 2435 1239 2482 consilio
1251 2436 1473 2499 magnifice

241 2638 274 2672 ι)
324 2629 380 2664 De
407 2631 508 2677 Offic.
532 2630 584 2667 Π.
609 2633 670 2670 22.
