1630 3217
819 250 847 292 9

194 404 466 439 succresceret
507 394 718 454 potestati.
785 394 902 448 Quod
942 409 1038 437 cum
1070 403 1111 437 et
1137 394 1302 453 egregia
1323 396 1471 452 reipu-

89 479 124 519 Ν·
193 497 327 540 blicae
358 496 566 540 Achaicae
592 493 814 554 disciplina
845 503 887 538 et
912 494 1030 538 Arati
1060 495 1252 555 inprimis
1279 496 1474 541 effectum

192 597 371 643 consiliis
399 607 525 659 atque
556 597 757 643 industria
785 597 938 644 fuerit:
975 598 1027 643 de
1056 598 1138 644 hoc
1179 600 1269 644 viro
1295 601 1475 646 maxime

192 703 344 764 insigni
375 702 617 763 diligentius
646 718 767 765 agere
793 703 837 748 in
865 704 1058 749 animum
1082 704 1335 748 induximus.
1381 704 1473 748 An—

193 820 233 856 te
270 819 409 856 tamen
429 846 441 866 ,
491 826 597 873 quae
635 811 689 856 ad
709 812 928 857 civitatum
957 809 1236 856 Achaicamm
1263 807 1478 869 regiminis

193 918 370 963 formam
416 917 659 977 pertinent,
702 916 941 961 summatim
974 929 1181 974 exponere
1207 911 1339 957 visum
1368 918 1443 956 est.

776 1127 815 1181 ς).
851 1126 895 1166 2.

330 1330 558 1373 chmrms
589 1342 736 1374 ronna
770 1341 1060 1375 ampunucax
1093 1330 1338 1374 Acm'icAE.

252 1536 376 1597 Apud
407 1536 630 1595 Polybium
660 1536 850 1597 legimus,
885 1535 1097 1591 Achaeos,
1124 1553 1269 1599 regum
1285 1537 1472 1583 insolen-

184 1652 247 1687 ter
291 1659 331 1688 se
374 1628 608 1702 gerentium
652 1642 841 1687 dominio
892 1642 1038 1702 priscis
1079 1644 1170 1702 jam
1210 1643 1473 1702 temporibus

183 1721 431 1808 repudiato,
473 1746 806 1791 ¹democraticam
843 1745 1068 1790 instituisse
1105 1744 1363 1804 reipublicae
1386 1744 1472 1788 for-

180 1866 320 1903 mam,
378 1866 554 1909 eamque
602 1851 656 1893 ad
686 1849 956 1909 'Philippum
1013 1864 1148 1909 ,usque
1202 1858 1244 1893 et
1291 1849 1471 1893 Alexan-

179 1952 301 1995 drum
327 1952 507 1995 retinere
530 1951 752 1997 studuisse.
787 1936 1171 2009 Subjungitautem
1191 1969 1201 1994 ε
1223 1952 1353 1995 »licet
1368 1952 1469 1995 alias

182 2054 332 2097 »aliter
359 2069 436 2113 pro
461 2062 698 2112 temporum
725 2051 1040 2097 necessitatibus
1070 2067 1135 2096 res
1152 2050 1320 2097 illorum
1333 2069 1375 2098 se
1390 2054 1468 2098 ha-

181 2153 418 2203 »herenr'2
450 2154 601 2218 quibus
629 2156 765 2201 verbis
793 2156 967 2201 innuere
996 2153 1162 2201 videtur
1180 2190 1191 2210 ‚
1219 2157 1468 2218 popularem

180 2262 302 2308 illum
331 2261 545 2324 regiminis
571 2268 725 2306 statum
754 2276 837 2307 non
863 2274 1025 2321 semper
1055 2260 1263 2322 integrum
1277 2242 1472 2309 niansisse

181 2364 250 2406 sed
293 2365 344 2408 ad
370 2365 682 2410 Democratiam
709 2366 835 2410 modo
865 2367 1068 2412 sinceram
1090 2403 1100 2422 ,
1134 2369 1260 2434 modo
1280 2369 1331 2413 ad
1356 2370 1471 2415 Aris-

190 2466 407 2510 tocratiam
441 2469 750 2528 quodammodo
780 2470 1008 2516 inclinasse.

254 2572 331 2615 Vix
359 2573 488 2618 etiam
520 2574 639 2618 aliter
669 2574 759 2619 fieri
803 2575 969 2636 potuit,
1007 2576 1110 2637 quin
1135 2593 1212 2637 pro
1237 2574 1467 2621 Athenien-
