1630 3217
791 313 841 344 111

179 424 354 481 spicere
390 411 631 465 commodis
678 428 720 464 et
756 423 948 465 consilio
1006 429 1047 465 et
1074 425 1215 481 operti
1274 438 1359 465 non
1386 440 1460 467 re-

178 494 405 549 amastis?
443 505 511 547 .V
510 520 557 547 os
587 507 739 563 igitur
765 507 833 546 sic
864 505 1061 547 habetote
1077 521 1091 547 .·
1124 512 1275 549 vestra
1306 507 1390 550 liae
1413 512 1461 550 in

177 594 233 631 re
267 591 433 631 merita
471 602 643 648 semper
665 602 736 631 me
788 590 844 632 ed
860 622 871 640 ,
921 592 1013 648 qud
1028 605 1128 650 par
1156 596 1223 634 est
1242 625 1253 643 ‚
1285 592 1462 650 pietate

176 670 516 713 celebraturum.
590 669 789 727 Quodsi
818 686 916 719 eam
941 672 1064 715 vobis
1108 690 1138 715 a
1184 688 1249 715 me
1289 675 1480 732 referri,

167 758 378 816 gratiam
405 755 557 799 velitis
576 790 587 808 ,
629 769 744 814 quae
771 762 986 798 cernatur
1013 759 1062 799 in
1091 756 1390 799 humanitatis
1417 763 1459 798 et

171 839 413 891 literarum
443 838 611 881 studiis
628 871 640 891 ‚
674 840 1033 898 z'ntegro‘›amore
1049 871 1060 890 ,
1094 836 1293 880 colendis
1308 871 1320 890 ‚
1355 838 1457 879 huic

171 923 315 981 officio
340 936 394 964 ne
413 921 553 964 desim
571 956 582 974 ,
601 923 795 965 .mz'nime
830 936 1001 966 vereor.

230 1002 371 1046 Tuam
386 1006 536 1047 ⁴etiam
565 1007 888 1047 institutionem
913 1006 1125 1047 eximiam
1145 1038 1156 1057 ,
1181 1004 1454 1049 Clarissime

167 1093 426 1129 SCHRO'DER
444 1086 463 1126 J
491 1088 637 1147 grata
665 1101 732 1128 me
764 1089 971 1144 laetaque
999 1086 1261 1128 condidisse
1287 1101 1450 1128 memo-

167 1171 242 1213 ria
281 1170 474 1228 publice·
494 1168 606 1213 milli
626 1167 843 1227 profiteri
873 1168 1025 1212 liceat.

224 1250 293 1292 Et
324 1264 428 1292 vero
454 1255 608 1292 vestra
638 1263 731 1303 me,
776 1249 990 1308 temporis
1026 1250 1282 1307 praeteriti
1326 1262 1450 1290 reco-

163 1334 319 1374 lentem
350 1335 608 1375 memoriam
625 1365 637 1384 ,
682 1337 864 1384 vestra,
911 1334 1094 1390 inquam
1113 1365 1125 1384 ‚
1174 1333 1449 1374 suavissima

148 1413 337 1476 fugeret
379 1417 530 1475 imago
545 1448 555 1466 ,
594 1417 700 1457 m'ri
743 1414 1002 1457 doctissimi
1017 1448 1029 1467 ,
1092 1416 1445 1473 spectatissimi,

162 1507 380 1539 LEA'TJNG
402 1503 443 1538 et
463 1506 665 1540 CAMPER
683 1496 702 1538 J
736 1500 816 1554 qui
839 1496 1136 1553 Gymnasium
1158 1499 1441 1549 literarium,

158 1579 278 1636 qaod
318 1579 607 1638 Zulplcaniae
646 1586 740 1632 est,
788 1580 996 1623 doctrina
1036 1587 1186 1623 vestra
1219 1584 1398 1623 ornatis
1418 1579 1443 1622 ,Ρ

157 1663 301 1706 Immo
338 1664 453 1706 hanc
495 1678 576 1724 ego
618 1664 993 1722 opportunitatem
1037 1663 1183 1704 laetus
1227 1666 1411 1721 arripio
1431 1698 1442 1717 ,

145 1747 228 1803 pie
272 1751 321 1787 ut
352 1746 472 1788 vobis
502 1750 728 1805 'grateque
767 1745 1045 1805 significem,
1072 1760 1232 1803 fineque
1252 1749 1444 1789 institu—

153 1830 293 1871 tionis
331 1844 398 1872 me
427 1834 608 1871 vestrae
625 1861 636 1880 ,
684 1842 821 1886 neque
862 1843 966 1871 vero
1005 1828 1325 1870 benevolentiae
1351 1844 1442 1870 ‚un—

153 1924 303 1969 quam·
323 1911 471 1965 fuisse
515 1910 808 1952 immemorem
825 1943 837 1961 ‚
861 1894 1024 1968 ‘neque
1042 1944 1051 1961 ,
1074 1930 1078 1936 ’
1111 1912 1185 1952 ita·
1232 1924 1300 1952 me
1325 1911 1441 1968 fata

140 1992 334 2050 juvent!
379 2006 571 2050 unquam
602 1991 834 2049 futurum.
901 1991 1086 2033 Etenim
1102 2025 1113 2043 ‚
1158 2007 1243 2048 quo
1286 1996 1439 2051 magis

150 2074 425 2135 experiundo
468 2075 653 2135 cognovi
671 2107 683 2126 ,
706 2073 941 2130 juveniles
967 2075 1110 2116 animi
1135 2088 1269 2132 quam
1285 2074 1438 2133 facile

149 2177 178 2202 a
199 2162 465 2219 priscarum
495 2157 645 2201 studio
673 2157 934 2218 linguarum
959 2157 1134 2198 soleant
1156 2157 1407 2199 absterreri
1424 2191 1435 2209 ,

148 2244 244 2285 nisi
276 2242 437 2284 solerti
465 2241 564 2284 illis
595 2241 783 2283 consilio
827 2240 1209 2299 saluberrimoque
1248 2242 1436 2283 institu-

147 2332 191 2368 to
248 2326 532 2368 exhilaretur
577 2327 665 2367 iter
696 2331 738 2367 et
775 2327 1019 2376 misceatur
1055 2324 1166 2366 utile
1193 2324 1318 2366 dulei
1335 2341 1347 2368 .·
1387 2339 1435 2366 eo

147 2410 324 2465 majora
354 2423 420 2451 me
447 2410 594 2466 ipsum
619 2406 772 2450 debere
799 2408 921 2448 vobis
963 2409 1085 2449 sensi
1103 2441 1114 2459 ‚
1159 2409 1239 2465 qui
1266 2392 1433 2451 litera-

145 2504 244 2532 rum
269 2491 317 2531 in
340 2503 406 2531 me
418 2504 565 2548 puero
584 2501 779 2550 amorem
803 2492 922 2532 omni
943 2492 1256 2546 effiei'taveritis
1284 2492 1433 2534 studio

103 2616 106 2619 ,
143 2573 380 2631 seduloque
406 2572 643 2629 foveritis.
710 2571 818 2615 Stat
853 2574 1001 2632 igitur
1043 2571 1170 2630 apud
1214 2587 1280 2613 me
1319 2587 1429 2614 sem-

134 2670 308 2716 perque
343 2656 480 2699 stabit
523 2669 629 2696 suus
674 2655 849 2696 meritis
887 2656 1054 2697 vestris
1096 2654 1246 2697 lionoS.
1320 2653 1427 2697 Jam
