1630 3217
758 303 902 344 125·

159 423 397 508 persecuti,
442 451 659 505 *arcessunt
689 441 961 489 Cleomenem
1004 441 1128 501 eique
1171 439 1321 483 urbem
1358 448 1445 485 tra-

151 552 282 599 dunt.
344 550 428 596 Hic
442 579 456 605 ,
491 547 614 608 Argis
636 548 850 608 profectus
868 579 882 600 ,
914 542 1151 595 Troezeniis
1168 576 1181 598 ,
1208 543 1448 605 Epidauriis

156 639 616 712 Hermioncnsibusque
643 650 727 694 sibi
766 649 1002 709 adjunctis,
1043 646 1306 692 corinthum
1331 648 1449 692 venit

154 766 288 819 atque
327 769 469 800 arcem
485 765 512 808 ,⁸
559 766 689 815 quam
728 750 972 814 relinquere
1014 751 1176 796 Achaei
1219 750 1447 807 nolebant,

154 857 473 903 munitionibus
489 853 834 902 circumvallavit·

218 964 367 1006 Aratus
383 961 578 1014 interim,
600 959 787 1020 Sicyone*
800 974 1062 1005 commorans
1078 993 1091 1015 ,
1125 960 1330 1022 quidnam
1345 973 1446 1003 con-

152 1064 456 1125 siliicaperet‘,
487 1063 665 1109 sollicita
691 1065 792 1109 curii
816 1079 960 1109 secum
988 1065 1173 1125 agitabat
1194 1063 1442 1119 ;honestum

152 1168 309 1212 exitum
336 1201 350 1221 ‚
410 1167 570 1212 nedum
620 1168 898 1228 gloriosum,
941 1168 1187 1228 perfugium
1238 1167 1439 1212 decorum

152 1284 305 1330 seque,
355 1270 546 1331 Graeco,
594 1279 710 1315 tanto
752 1272 842 1316 viro
860 1307 873 1327 ,
922 1272 1097 1332 dignum
1124 1306 1136 1326 ‚
1187 1286 1442 1333 quocunque

153 1381 390 1434 spectaret,
438 1373 676 1435 reperiebat
722 1374 900 1423 nullum.
966 1375 1243 1422 Athenienses
1282 1374 1320 1422 1)
1352 1376 1443 1421 Ae-

149 1478 340 1538 tolosque
370 1478 422 1522 ad
452 1478 750 1538 praestandum
779 1479 981 1523 auxilium
1010 1481 1160 1523 frustra
1188 1479 1437 1523 sollicitave-

155 1591 237 1628 rat.
298 1582 506 1627 Faucibus
546 1584 721 1644 urgebat
759 1566 1062 1644 Spartanorum
1106 1584 1189 1628 dux
1213 1619 1224 1639 ‚
1257 1584 1439 1645 stipante

119 1676 123 1681 ’
154 1686 339 1731 exercitu
355 1720 368 1742 ,
394 1688 571 1748 jamjam
600 1687 762 1732 summa
784 1696 928 1731 'rerum
951 1686 1177 1747 poti-turus..
1218 1686 1284 1730 Ab
1311 1686 1440 1731 alterii

153 1797 271 1848 parte
289 1823 299 1842 ,
347 1790 613 1848 pactionibus
656 1804 753 1834 cum
784 1790 995 1850 Antigono
1023 1790 1244 1843 ineundis,
1277 1790 1439 1851 longius

151 1905 383 1952 progressus
424 1900 512 1935 erat
530 1925 542 1944 ‚
578 1907 704 1952 quam
731 1901 778 1936 ut
809 1892 933 1936 facile
960 1893 1151 1952 receptui
1176 1908 1325 1938 canere
1350 1909 1435 1953 po-

153 1997 294 2041 tuisset
329 1992 385 2042 ²),
448 1998 515 2040 Ita
542 1997 685 2041 anxius
714 1997 767 2040 ab
799 1996 914 2040 omni
939 2005 1056 2055 parte
1077 1995 1294 2042 haerebat.
1329 1996 1434 2040 Gra-

152 2116 248 2144 vem
287 2099 402 2144 illam
445 2100 611 2146 consilii
652 2098 839 2161 inopiam
867 2100 1023 2144 auxisse
1056 2098 1168 2143 haud
1210 2100 1435 2144 minimum

153 2204 342 2260 videtur,
376 2204 490 2265 quod
521 2204 788 2257 Cleomenes,
823 2204 907 2248 sive
933 2202 1125 2247 simulata
1155 2203 1239 2247 sive
1257 2203 1435 2248 candida

153 2315 325 2361 mente,
358 2318 399 2352 et
424 2309 594 2368 publice
622 2315 665 2350 et
691 2307 887 2368 privatim
904 2340 916 2359 ‚
950 2306 1075 2349 variis
1099 2321 1196 2349 eum
1225 2304 1434 2352 illecebris

201 2450 233 2485 ¹)
280 2448 334 2483 De
359 2449 626 2486 Atheniensium
652 2449 728 2485 illis
754 2449 971 2496 temporibus
997 2448 1200 2484 conditione
1228 2449 1274 2485 cf.
1301 2448 1430 2495 Polyb.

152 2514 198 2552 V.
225 2517 306 2551 106.

188 2585 232 2623 ’2)
277 2585 367 2620 Nam
390 2592 426 2621 et
447 2584 503 2621 hic
518 2584 616 2622 valet
625 2585 862 2625 Horatianum
875 2587 964 2624 illud
980 2588 1017 2624 in
1031 2601 1068 2624 re
1080 2586 1251 2624 dissimili
1272 2588 1425 2624 dictum:

286 2656 355 2691 Est
379 2658 530 2704 quodam
550 2659 694 2703 prodire
720 2663 843 2701 tenus,
870 2672 941 2707 quo
963 2672 1037 2695 non
1061 2660 1175 2695 datur
1198 2661 1311 2695 ultra.
