<?xml version="1.0" encoding="UTF-8"?>
<!DOCTYPE html PUBLIC "-//W3C//DTD XHTML 1.0 Transitional//EN"
    "http://www.w3.org/TR/xhtml1/DTD/xhtml1-transitional.dtd">
<html xmlns="http://www.w3.org/1999/xhtml" xml:lang="en" lang="en">
 <head>
  <title>
</title>
<meta http-equiv="Content-Type" content="text/html;charset=utf-8" />
  <meta name='ocr-system' content='tesseract 3.04.00' />
  <meta name='ocr-capabilities' content='ocr_page ocr_carea ocr_par ocr_line ocrx_word'/>
</head>
<body>
  <div class='ocr_page' id='page_1' title='image "4737160_0148.png"; bbox 0 0 1630 3217; ppageno 0'>
   <div class='ocr_carea' id='block_1_1' title="bbox 766 300 847 341">
    <p class='ocr_par' dir='ltr' id='par_1_1' title="bbox 766 300 847 341">
     <span class='ocr_line' id='line_1_1' title="bbox 766 300 847 341; baseline 0 0"><span class='ocrx_word' id='word_1_1' title='bbox 766 300 847 341; x_wconf 82' lang='lat'><strong>121</strong></span> 
     </span>
    </p>
   </div>
   <div class='ocr_carea' id='block_1_2' title="bbox 89 438 1458 2052">
    <p class='ocr_par' dir='ltr' id='par_1_2' title="bbox 89 438 1458 2052">
     <span class='ocr_line' id='line_1_2' title="bbox 166 438 1458 502; baseline 0.001 -17"><span class='ocrx_word' id='word_1_2' title='bbox 166 439 260 486; x_wconf 78' lang='lat' dir='ltr'><strong>citu·</strong></span> <span class='ocrx_word' id='word_1_3' title='bbox 289 456 332 486; x_wconf 84' lang='lat' dir='ltr'><strong>se</strong></span> <span class='ocrx_word' id='word_1_4' title='bbox 375 438 547 486; x_wconf 80' lang='lat' dir='ltr'><strong>destitui</strong></span> <span class='ocrx_word' id='word_1_5' title='bbox 590 453 664 483; x_wconf 91' lang='lat' dir='ltr'><strong>suo</strong></span> <span class='ocrx_word' id='word_1_6' title='bbox 708 438 840 485; x_wconf 87' lang='lat' dir='ltr'><strong>nollet</strong></span> <span class='ocrx_word' id='word_1_7' title='bbox 856 473 870 494; x_wconf 86' lang='lat'><em>,</em></span> <span class='ocrx_word' id='word_1_8' title='bbox 918 438 973 484; x_wconf 85' lang='lat' dir='ltr'><strong>ad</strong></span> <span class='ocrx_word' id='word_1_9' title='bbox 1004 438 1247 499; x_wconf 80' lang='lat' dir='ltr'><strong>Cyllarabin</strong></span> <span class='ocrx_word' id='word_1_10' title='bbox 1285 440 1324 493; x_wconf 86' lang='lat'><strong>¹)</strong></span> <span class='ocrx_word' id='word_1_11' title='bbox 1355 455 1458 502; x_wconf 77' lang='lat' dir='ltr'><strong>pro-</strong></span> 
     </span>
     <span class='ocr_line' id='line_1_3' title="bbox 164 540 1453 607; baseline -0.001 -18"><span class='ocrx_word' id='word_1_12' title='bbox 164 561 321 607; x_wconf 76' lang='lat' dir='ltr'><strong>gressus</strong></span> <span class='ocrx_word' id='word_1_13' title='bbox 340 578 353 600; x_wconf 91' lang='lat'>,</span> <span class='ocrx_word' id='word_1_14' title='bbox 398 542 534 589; x_wconf 83' lang='lat' dir='ltr'><strong>missis</strong></span> <span class='ocrx_word' id='word_1_15' title='bbox 586 540 696 586; x_wconf 91' lang='lat' dir='ltr'><strong>ultro</strong></span> <span class='ocrx_word' id='word_1_16' title='bbox 739 542 934 603; x_wconf 85' lang='lat' dir='ltr'><strong>citroque</strong></span> <span class='ocrx_word' id='word_1_17' title='bbox 984 541 1254 588; x_wconf 84' lang='lat' dir='ltr'><strong>internuntiis</strong></span> <span class='ocrx_word' id='word_1_18' title='bbox 1279 572 1300 597; x_wconf 61' lang='lat'><em>7</em></span> <span class='ocrx_word' id='word_1_19' title='bbox 1354 558 1453 590; x_wconf 88' lang='lat' dir='ltr'><strong>cum</strong></span> 
     </span>
     <span class='ocr_line' id='line_1_4' title="bbox 162 643 1454 706; baseline -0.003 -13"><span class='ocrx_word' id='word_1_20' title='bbox 162 647 342 693; x_wconf 79' lang='lat' dir='ltr'><strong>Achaeis</strong></span> <span class='ocrx_word' id='word_1_21' title='bbox 368 653 509 706; x_wconf 80' lang='lat' dir='ltr'><strong>ageret</strong></span> <span class='ocrx_word' id='word_1_22' title='bbox 545 646 600 690; x_wconf 77' lang='grc'><strong>2).</strong></span> <span class='ocrx_word' id='word_1_23' title='bbox 635 644 763 688; x_wconf 83' lang='lat' dir='ltr'><strong>Hisce</strong></span> <span class='ocrx_word' id='word_1_24' title='bbox 792 643 944 689; x_wconf 77' lang='lat' dir='ltr'><strong>auditis</strong></span> <span class='ocrx_word' id='word_1_25' title='bbox 961 677 975 699; x_wconf 89' lang='lat'>,</span> <span class='ocrx_word' id='word_1_26' title='bbox 1012 643 1253 689; x_wconf 88' lang='lat' dir='ltr'><strong>Cleomenes</strong></span> <span class='ocrx_word' id='word_1_27' title='bbox 1269 679 1281 700; x_wconf 91' lang='lat'><strong><em>,</em></strong></span> <span class='ocrx_word' id='word_1_28' title='bbox 1316 646 1454 706; x_wconf 85' lang='lat' dir='ltr'><strong>quip-</strong></span> 
     </span>
     <span class='ocr_line' id='line_1_5' title="bbox 161 746 1449 812; baseline -0.003 -17"><span class='ocrx_word' id='word_1_29' title='bbox 161 766 217 812; x_wconf 89' lang='lat' dir='ltr'><strong>pe</strong></span> <span class='ocrx_word' id='word_1_30' title='bbox 262 750 338 810; x_wconf 91' lang='lat' dir='ltr'><strong>qui</strong></span> <span class='ocrx_word' id='word_1_31' title='bbox 378 749 506 794; x_wconf 87' lang='lat' dir='ltr'><strong>totius</strong></span> <span class='ocrx_word' id='word_1_32' title='bbox 539 750 631 808; x_wconf 80' lang='lat' dir='ltr'><strong>jam</strong></span> <span class='ocrx_word' id='word_1_33' title='bbox 681 746 957 809; x_wconf 86' lang='lat' dir='ltr'><strong>Peloponnesi</strong></span> <span class='ocrx_word' id='word_1_34' title='bbox 1004 747 1291 807; x_wconf 70' lang='lat' dir='ltr'><strong>principatum</strong></span> <span class='ocrx_word' id='word_1_35' title='bbox 1334 746 1449 791; x_wconf 84' lang='lat' dir='ltr'><strong>haud</strong></span> 
     </span>
     <span class='ocr_line' id='line_1_6' title="bbox 162 825 1449 912; baseline -0.002 -16"><span class='ocrx_word' id='word_1_36' title='bbox 162 851 291 896; x_wconf 70' lang='lat' dir='ltr'><strong>dubia</strong></span> <span class='ocrx_word' id='word_1_37' title='bbox 334 850 423 895; x_wconf 83' lang='lat' dir='ltr'><strong>sibi</strong></span> <span class='ocrx_word' id='word_1_38' title='bbox 453 866 528 912; x_wconf 89' lang='lat' dir='ltr'><strong>spe</strong></span> <span class='ocrx_word' id='word_1_39' title='bbox 569 825 880 912; x_wconf 84' lang='lat' dir='ltr'><strong>despondisset,</strong></span> <span class='ocrx_word' id='word_1_40' title='bbox 926 850 1082 912; x_wconf 89' lang='lat' dir='ltr'><strong>injusta</strong></span> <span class='ocrx_word' id='word_1_41' title='bbox 1125 866 1169 895; x_wconf 89' lang='lat' dir='ltr'><strong>se</strong></span> <span class='ocrx_word' id='word_1_42' title='bbox 1204 850 1295 910; x_wconf 85' lang='lat' dir='ltr'><strong>pati</strong></span> <span class='ocrx_word' id='word_1_43' title='bbox 1322 858 1449 910; x_wconf 79' lang='lat' dir='ltr'><strong>atque</strong></span> 
     </span>
     <span class='ocr_line' id='line_1_7' title="bbox 158 951 1448 1005; baseline 0 -9"><span class='ocrx_word' id='word_1_44' title='bbox 158 953 289 997; x_wconf 83' lang='lat' dir='ltr'><strong>illudi</strong></span> <span class='ocrx_word' id='word_1_45' title='bbox 309 954 390 998; x_wconf 89' lang='lat' dir='ltr'><strong>sihi</strong></span> <span class='ocrx_word' id='word_1_46' title='bbox 428 954 671 1001; x_wconf 84' lang='lat' dir='ltr'><strong>clamaba-t:-</strong></span> <span class='ocrx_word' id='word_1_47' title='bbox 714 954 773 999; x_wconf 82' lang='lat' dir='ltr'><strong>ab</strong></span> <span class='ocrx_word' id='word_1_48' title='bbox 802 953 1072 1005; x_wconf 86' lang='lat' dir='ltr'><strong>initioenim</strong></span> <span class='ocrx_word' id='word_1_49' title='bbox 1102 953 1181 997; x_wconf 90' lang='lat' dir='ltr'><strong>ista</strong></span> <span class='ocrx_word' id='word_1_50' title='bbox 1209 951 1448 998; x_wconf 86' lang='lat' dir='ltr'><strong>communi-</strong></span> 
     </span>
     <span class='ocr_line' id='line_1_8' title="bbox 159 1055 1446 1125; baseline -0.002 -22"><span class='ocrx_word' id='word_1_51' title='bbox 159 1057 291 1103; x_wconf 87' lang='lat' dir='ltr'><strong>canda</strong></span> <span class='ocrx_word' id='word_1_52' title='bbox 336 1073 479 1103; x_wconf 89' lang='lat' dir='ltr'><strong>secum</strong></span> <span class='ocrx_word' id='word_1_53' title='bbox 519 1058 645 1103; x_wconf 88' lang='lat' dir='ltr'><strong>fuisse</strong></span> <span class='ocrx_word' id='word_1_54' title='bbox 683 1072 823 1119; x_wconf 88' lang='lat' dir='ltr'><strong>neque</strong></span> <span class='ocrx_word' id='word_1_55' title='bbox 860 1071 960 1102; x_wconf 81' lang='lat' dir='ltr'><strong>vero</strong></span> <span class='ocrx_word' id='word_1_56' title='bbox 1001 1072 1075 1111; x_wconf 88' lang='lat' dir='ltr'><strong>se,</strong></span> <span class='ocrx_word' id='word_1_57' title='bbox 1122 1066 1348 1119; x_wconf 84' lang='lat' dir='ltr'><strong>postquam</strong></span> <span class='ocrx_word' id='word_1_58' title='bbox 1379 1055 1446 1125; x_wconf 63' lang='lat' dir='ltr'><strong>&gt;ad</strong></span> 
     </span>
     <span class='ocr_line' id='line_1_9' title="bbox 89 1129 1444 1222; baseline 0 -19"><span class='ocrx_word' id='word_1_59' title='bbox 89 1210 92 1213; x_wconf 17' lang='lat'><strong>⁴</strong></span> <span class='ocrx_word' id='word_1_60' title='bbox 156 1129 297 1219; x_wconf 85' lang='lat' dir='ltr'><strong>portas</strong></span> <span class='ocrx_word' id='word_1_61' title='bbox 327 1156 497 1205; x_wconf 90' lang='lat' dir='ltr'><strong>illorum</strong></span> <span class='ocrx_word' id='word_1_62' title='bbox 518 1160 611 1220; x_wconf 76' lang='lat' dir='ltr'><strong>Jam</strong></span> <span class='ocrx_word' id='word_1_63' title='bbox 641 1160 906 1214; x_wconf 87' lang='lat' dir='ltr'><strong>accessisset,</strong></span> <span class='ocrx_word' id='word_1_64' title='bbox 939 1159 1096 1222; x_wconf 78' lang='lat' dir='ltr'><strong>repelli</strong></span> <span class='ocrx_word' id='word_1_65' title='bbox 1119 1160 1284 1222; x_wconf 88' lang='lat' dir='ltr'><strong>sibique</strong></span> <span class='ocrx_word' id='word_1_66' title='bbox 1306 1159 1444 1205; x_wconf 88' lang='lat' dir='ltr'><strong>diffidi</strong></span> 
     </span>
     <span class='ocr_line' id='line_1_10' title="bbox 157 1262 1445 1324; baseline 0.002 -20"><span class='ocrx_word' id='word_1_67' title='bbox 157 1271 367 1322; x_wconf 82' lang='lat' dir='ltr'><strong>oportere.</strong></span> <span class='ocrx_word' id='word_1_68' title='bbox 442 1262 556 1308; x_wconf 87' lang='lat' dir='ltr'><strong>Hinc</strong></span> <span class='ocrx_word' id='word_1_69' title='bbox 597 1262 677 1308; x_wconf 86' lang='lat' dir='ltr'><strong>viri</strong></span> <span class='ocrx_word' id='word_1_70' title='bbox 715 1262 928 1323; x_wconf 87' lang='lat' dir='ltr'><strong>principes</strong></span> <span class='ocrx_word' id='word_1_71' title='bbox 946 1295 960 1317; x_wconf 89' lang='lat'>,</span> <span class='ocrx_word' id='word_1_72' title='bbox 1012 1263 1100 1308; x_wconf 84' lang='lat' dir='ltr'><strong>irae</strong></span> <span class='ocrx_word' id='word_1_73' title='bbox 1143 1263 1275 1324; x_wconf 80' lang='lat' dir='ltr'><strong>magis</strong></span> <span class='ocrx_word' id='word_1_74' title='bbox 1317 1277 1445 1324; x_wconf 84' lang='lat' dir='ltr'><strong>quam</strong></span> 
     </span>
     <span class='ocr_line' id='line_1_11' title="bbox 154 1370 1445 1432; baseline -0.002 -17"><span class='ocrx_word' id='word_1_75' title='bbox 154 1371 354 1432; x_wconf 76' lang='lat' dir='ltr'><strong>dignitati</strong></span> <span class='ocrx_word' id='word_1_76' title='bbox 381 1372 643 1417; x_wconf 86' lang='lat' dir='ltr'><strong>consulentes</strong></span> <span class='ocrx_word' id='word_1_77' title='bbox 659 1406 673 1427; x_wconf 90' lang='lat'>‚</span> <span class='ocrx_word' id='word_1_78' title='bbox 715 1372 849 1416; x_wconf 88' lang='lat' dir='ltr'><strong>missis</strong></span> <span class='ocrx_word' id='word_1_79' title='bbox 873 1370 1088 1432; x_wconf 88' lang='lat' dir='ltr'><strong>epistolis,</strong></span> <span class='ocrx_word' id='word_1_80' title='bbox 1135 1370 1352 1415; x_wconf 82' lang='lat' dir='ltr'><strong>acer-rimis</strong></span> <span class='ocrx_word' id='word_1_81' title='bbox 1376 1384 1445 1413; x_wconf 84' lang='lat' dir='ltr'><strong>ex-</strong></span> 
     </span>
     <span class='ocr_line' id='line_1_12' title="bbox 153 1475 1441 1538; baseline 0.001 -21"><span class='ocrx_word' id='word_1_82' title='bbox 153 1475 477 1535; x_wconf 71' lang='lat' dir='ltr'><strong>probrationum</strong></span> <span class='ocrx_word' id='word_1_83' title='bbox 519 1475 912 1538; x_wconf 85' lang='lat' dir='ltr'><strong>calumniarumque</strong></span> <span class='ocrx_word' id='word_1_84' title='bbox 955 1477 1050 1520; x_wconf 88' lang='lat' dir='ltr'><strong>telis</strong></span> <span class='ocrx_word' id='word_1_85' title='bbox 1090 1485 1221 1519; x_wconf 88' lang='lat' dir='ltr'><strong>semet</strong></span> <span class='ocrx_word' id='word_1_86' title='bbox 1262 1476 1441 1518; x_wconf 88' lang='lat' dir='ltr'><strong>invicem</strong></span> 
     </span>
     <span class='ocr_line' id='line_1_13' title="bbox 153 1574 1442 1638; baseline 0.003 -21"><span class='ocrx_word' id='word_1_87' title='bbox 153 1574 337 1619; x_wconf 86' lang='lat' dir='ltr'><strong>lacerare</strong></span> <span class='ocrx_word' id='word_1_88' title='bbox 372 1591 511 1637; x_wconf 86' lang='lat' dir='ltr'><strong>neque</strong></span> <span class='ocrx_word' id='word_1_89' title='bbox 537 1577 590 1620; x_wconf 90' lang='lat' dir='ltr'><strong>ab</strong></span> <span class='ocrx_word' id='word_1_90' title='bbox 617 1576 704 1620; x_wconf 90' lang='lat' dir='ltr'><strong>ullo</strong></span> <span class='ocrx_word' id='word_1_91' title='bbox 728 1577 876 1638; x_wconf 87' lang='lat' dir='ltr'><strong>probri</strong></span> <span class='ocrx_word' id='word_1_92' title='bbox 915 1592 1067 1637; x_wconf 80' lang='lat' dir='ltr'><strong>genere</strong></span> <span class='ocrx_word' id='word_1_93' title='bbox 1097 1577 1306 1622; x_wconf 86' lang='lat' dir='ltr'><strong>abstinere</strong></span> <span class='ocrx_word' id='word_1_94' title='bbox 1323 1590 1336 1633; x_wconf 75' lang='lat'><em>3</em></span> <span class='ocrx_word' id='word_1_95' title='bbox 1370 1591 1442 1621; x_wconf 78' lang='lat' dir='ltr'><strong>rex</strong></span> 
     </span>
     <span class='ocr_line' id='line_1_14' title="bbox 150 1674 1440 1740; baseline 0.003 -19"><span class='ocrx_word' id='word_1_96' title='bbox 150 1674 408 1737; x_wconf 81' lang='lat' dir='ltr'><strong>SpartanuS‚</strong></span> <span class='ocrx_word' id='word_1_97' title='bbox 440 1693 540 1738; x_wconf 86' lang='lat' dir='ltr'><strong>prae</strong></span> <span class='ocrx_word' id='word_1_98' title='bbox 562 1679 717 1724; x_wconf 42' lang='lat' dir='ltr'><strong>dolore*</strong></span> <span class='ocrx_word' id='word_1_99' title='bbox 733 1689 861 1740; x_wconf 81' lang='lat' dir='ltr'><strong>atque</strong></span> <span class='ocrx_word' id='word_1_100' title='bbox 882 1680 945 1724; x_wconf 70' lang='lat' dir='ltr'><strong>ira</strong></span> <span class='ocrx_word' id='word_1_101' title='bbox 959 1680 1155 1725; x_wconf 88' lang='lat' dir='ltr'><strong>frendens</strong></span> <span class='ocrx_word' id='word_1_102' title='bbox 1172 1715 1184 1735; x_wconf 91' lang='lat'><em>,</em></span> <span class='ocrx_word' id='word_1_103' title='bbox 1218 1681 1440 1726; x_wconf 88' lang='lat' dir='ltr'><strong>celerrime</strong></span> 
     </span>
     <span class='ocr_line' id='line_1_15' title="bbox 152 1777 1439 1841; baseline 0.005 -18"><span class='ocrx_word' id='word_1_104' title='bbox 152 1777 258 1824; x_wconf 77' lang='lat' dir='ltr'><strong>abiit</strong></span> <span class='ocrx_word' id='word_1_105' title='bbox 299 1789 341 1826; x_wconf 91' lang='lat' dir='ltr'><strong>et</strong></span> <span class='ocrx_word' id='word_1_106' title='bbox 376 1796 630 1841; x_wconf 87' lang='lat' dir='ltr'><strong>praeconem</strong></span> <span class='ocrx_word' id='word_1_107' title='bbox 647 1814 660 1835; x_wconf 93' lang='lat'>,</span> <span class='ocrx_word' id='word_1_108' title='bbox 708 1781 868 1827; x_wconf 89' lang='lat' dir='ltr'><strong>bellum</strong></span> <span class='ocrx_word' id='word_1_109' title='bbox 926 1781 1105 1829; x_wconf 85' lang='lat' dir='ltr'><strong>Achaeis</strong></span> <span class='ocrx_word' id='word_1_110' title='bbox 1150 1783 1410 1831; x_wconf 76' lang='lat' dir='ltr'><strong>inflicturum</strong></span> <span class='ocrx_word' id='word_1_111' title='bbox 1427 1820 1439 1841; x_wconf 89' lang='lat'><strong>,</strong></span> 
     </span>
     <span class='ocr_line' id='line_1_16' title="bbox 149 1866 1435 1952; baseline 0.01 -30"><span class='ocrx_word' id='word_1_112' title='bbox 149 1894 236 1923; x_wconf 91' lang='lat' dir='ltr'><strong>non</strong></span> <span class='ocrx_word' id='word_1_113' title='bbox 257 1880 389 1941; x_wconf 80' lang='lat' dir='ltr'><strong>Argos</strong></span> <span class='ocrx_word' id='word_1_114' title='bbox 403 1866 428 1935; x_wconf 12' lang='lat' dir='ltr'><strong>‚r</strong></span> <span class='ocrx_word' id='word_1_115' title='bbox 450 1882 525 1948; x_wconf 86' lang='lat' dir='ltr'><strong>ubi</strong></span> <span class='ocrx_word' id='word_1_116' title='bbox 546 1889 649 1927; x_wconf 88' lang='lat' dir='ltr'><strong>tunc</strong></span> <span class='ocrx_word' id='word_1_117' title='bbox 669 1885 817 1929; x_wconf 87' lang='lat' dir='ltr'><strong>concio</strong></span> <span class='ocrx_word' id='word_1_118' title='bbox 839 1872 1075 1931; x_wconf 65' lang='lat' dir='ltr'><strong>habebatur</strong></span> <span class='ocrx_word' id='word_1_119' title='bbox 1089 1921 1103 1942; x_wconf 91' lang='lat'>,</span> <span class='ocrx_word' id='word_1_120' title='bbox 1136 1889 1209 1932; x_wconf 88' lang='lat' dir='ltr'><strong>sed</strong></span> <span class='ocrx_word' id='word_1_121' title='bbox 1232 1890 1435 1952; x_wconf 79' lang='lat' dir='ltr'><strong>Aegium,</strong></span> 
     </span>
     <span class='ocr_line' id='line_1_17' title="bbox 152 1980 1437 2052; baseline 0.01 -28"><span class='ocrx_word' id='word_1_122' title='bbox 152 1989 199 2025; x_wconf 89' lang='lat' dir='ltr'><strong>ut</strong></span> <span class='ocrx_word' id='word_1_123' title='bbox 228 1980 282 2025; x_wconf 89' lang='lat' dir='ltr'><strong>ad</strong></span> <span class='ocrx_word' id='word_1_124' title='bbox 305 1981 454 2047; x_wconf 89' lang='lat' dir='ltr'><strong>locum</strong></span> <span class='ocrx_word' id='word_1_125' title='bbox 479 1985 757 2029; x_wconf 80' lang='lat' dir='ltr'><strong>conveniendi</strong></span> <span class='ocrx_word' id='word_1_126' title='bbox 786 1988 1013 2041; x_wconf 86' lang='lat' dir='ltr'><strong>usitatum,</strong></span> <span class='ocrx_word' id='word_1_127' title='bbox 1062 1990 1206 2044; x_wconf 90' lang='lat' dir='ltr'><strong>misit,</strong></span> <span class='ocrx_word' id='word_1_128' title='bbox 1254 2008 1339 2052; x_wconf 90' lang='lat' dir='ltr'><strong>quo</strong></span> <span class='ocrx_word' id='word_1_129' title='bbox 1373 1994 1437 2036; x_wconf 87' lang='lat' dir='ltr'><strong>fa-</strong></span> 
     </span>
    </p>
   </div>
   <div class='ocr_carea' id='block_1_3' title="bbox 150 2085 1437 2150">
    <p class='ocr_par' dir='ltr' id='par_1_3' title="bbox 150 2085 1437 2150">
     <span class='ocr_line' id='line_1_18' title="bbox 150 2085 1437 2150; baseline 0.009 -23"><span class='ocrx_word' id='word_1_130' title='bbox 150 2085 272 2129; x_wconf 87' lang='lat' dir='ltr'><strong>cilius</strong></span> <span class='ocrx_word' id='word_1_131' title='bbox 286 2118 300 2140; x_wconf 89' lang='lat'>,</span> <span class='ocrx_word' id='word_1_132' title='bbox 333 2094 381 2131; x_wconf 88' lang='lat' dir='ltr'><strong>ut</strong></span> <span class='ocrx_word' id='word_1_133' title='bbox 411 2086 456 2130; x_wconf 91' lang='lat' dir='ltr'><strong>in</strong></span> <span class='ocrx_word' id='word_1_134' title='bbox 484 2089 796 2133; x_wconf 87' lang='lat' dir='ltr'><strong>commentariis</strong></span> <span class='ocrx_word' id='word_1_135' title='bbox 833 2090 1041 2150; x_wconf 85' lang='lat' dir='ltr'><strong>scripsisse</strong></span> <span class='ocrx_word' id='word_1_136' title='bbox 1065 2091 1217 2137; x_wconf 87' lang='lat' dir='ltr'><strong>Aratus</strong></span> <span class='ocrx_word' id='word_1_137' title='bbox 1242 2093 1437 2149; x_wconf 73' lang='lat' dir='ltr'><strong>videtur,</strong></span> 
     </span>
    </p>
   </div>
   <div class='ocr_carea' id='block_1_4' title="bbox 198 2332 1433 2386">
    <p class='ocr_par' dir='ltr' id='par_1_4' title="bbox 198 2332 1433 2386">
     <span class='ocr_line' id='line_1_19' title="bbox 198 2332 1433 2386; baseline 0.006 -15"><span class='ocrx_word' id='word_1_138' title='bbox 198 2332 231 2371; x_wconf 85' lang='lat'><strong>¹)</strong></span> <span class='ocrx_word' id='word_1_139' title='bbox 281 2335 517 2381; x_wconf 80' lang='lat' dir='ltr'><strong>Gymnasium</strong></span> <span class='ocrx_word' id='word_1_140' title='bbox 540 2337 577 2371; x_wconf 79' lang='lat' dir='ltr'><strong>id</strong></span> <span class='ocrx_word' id='word_1_141' title='bbox 601 2341 651 2372; x_wconf 86' lang='lat' dir='ltr'><strong>est</strong></span> <span class='ocrx_word' id='word_1_142' title='bbox 674 2338 790 2373; x_wconf 82' lang='lat' dir='ltr'><strong>minus</strong></span> <span class='ocrx_word' id='word_1_143' title='bbox 816 2342 990 2375; x_wconf 79' lang='lat' dir='ltr'><strong>trecentos</strong></span> <span class='ocrx_word' id='word_1_144' title='bbox 1009 2351 1139 2386; x_wconf 78' lang='lat' dir='ltr'><strong>passus</strong></span> <span class='ocrx_word' id='word_1_145' title='bbox 1162 2342 1211 2377; x_wconf 85' lang='lat' dir='ltr'><strong>ab</strong></span> <span class='ocrx_word' id='word_1_146' title='bbox 1233 2343 1332 2378; x_wconf 78' lang='lat' dir='ltr'><strong>urhe.</strong></span> <span class='ocrx_word' id='word_1_147' title='bbox 1367 2342 1433 2378; x_wconf 82' lang='lat' dir='ltr'><strong>Li-</strong></span> 
     </span>
    </p>
   </div>
   <div class='ocr_carea' id='block_1_5' title="bbox 145 2398 1430 2657">
    <p class='ocr_par' dir='ltr' id='par_1_5' title="bbox 147 2398 489 2442">
     <span class='ocr_line' id='line_1_20' title="bbox 147 2398 489 2442; baseline 0.026 -9"><span class='ocrx_word' id='word_1_148' title='bbox 147 2398 224 2441; x_wconf 75' lang='lat' dir='ltr'><strong>vius</strong></span> <span class='ocrx_word' id='word_1_149' title='bbox 248 2401 406 2440; x_wconf 88' lang='lat' dir='ltr'>XXXIV.</span> <span class='ocrx_word' id='word_1_150' title='bbox 429 2407 489 2442; x_wconf 87' lang='lat'><strong>26.</strong></span> 
     </span>
    </p>

    <p class='ocr_par' dir='ltr' id='par_1_6' title="bbox 145 2468 1430 2657">
     <span class='ocr_line' id='line_1_21' title="bbox 196 2468 1430 2517; baseline 0.006 -9"><span class='ocrx_word' id='word_1_151' title='bbox 196 2468 231 2508; x_wconf 76' lang='lat'><strong>²)</strong></span> <span class='ocrx_word' id='word_1_152' title='bbox 278 2470 335 2504; x_wconf 90' lang='lat' dir='ltr'><strong>Sic</strong></span> <span class='ocrx_word' id='word_1_153' title='bbox 361 2473 586 2517; x_wconf 82' lang='lat' dir='ltr'><strong>potissimum</strong></span> <span class='ocrx_word' id='word_1_154' title='bbox 611 2473 689 2511; x_wconf 86' lang='lat' dir='ltr'><strong>loca</strong></span> <span class='ocrx_word' id='word_1_155' title='bbox 714 2475 752 2511; x_wconf 90' lang='lat' dir='ltr'><strong>in</strong></span> <span class='ocrx_word' id='word_1_156' title='bbox 776 2475 821 2511; x_wconf 88' lang='lat' dir='ltr'><strong>V.</strong></span> <span class='ocrx_word' id='word_1_157' title='bbox 848 2476 950 2514; x_wconf 85' lang='lat' dir='ltr'><strong>Arati</strong></span> <span class='ocrx_word' id='word_1_158' title='bbox 971 2490 1001 2513; x_wconf 92' lang='lat' dir='ltr'><strong>c.</strong></span> <span class='ocrx_word' id='word_1_159' title='bbox 1024 2477 1174 2513; x_wconf 87' lang='lat' dir='ltr'>XXXIX.</span> <span class='ocrx_word' id='word_1_160' title='bbox 1199 2487 1235 2515; x_wconf 87' lang='lat' dir='ltr'><strong>et</strong></span> <span class='ocrx_word' id='word_1_161' title='bbox 1254 2478 1300 2515; x_wconf 86' lang='lat' dir='ltr'><strong>V.</strong></span> <span class='ocrx_word' id='word_1_162' title='bbox 1324 2478 1430 2515; x_wconf 86' lang='lat' dir='ltr'><strong>Cleo-</strong></span> 
     </span>
     <span class='ocr_line' id='line_1_22' title="bbox 147 2536 1428 2595; baseline 0.012 -25"><span class='ocrx_word' id='word_1_163' title='bbox 147 2536 261 2573; x_wconf 81' lang='lat' dir='ltr'><strong>menis</strong></span> <span class='ocrx_word' id='word_1_164' title='bbox 298 2551 330 2573; x_wconf 88' lang='lat' dir='ltr'><strong>c.</strong></span> <span class='ocrx_word' id='word_1_165' title='bbox 354 2539 469 2577; x_wconf 86' lang='lat' dir='ltr'>XVII.</span> <span class='ocrx_word' id='word_1_166' title='bbox 493 2542 669 2588; x_wconf 79' lang='lat' dir='ltr'><strong>jungenda</strong></span> <span class='ocrx_word' id='word_1_167' title='bbox 695 2558 769 2581; x_wconf 85' lang='lat' dir='ltr'><strong>esse</strong></span> <span class='ocrx_word' id='word_1_168' title='bbox 784 2570 795 2587; x_wconf 82' lang='lat'><strong>‚</strong></span> <span class='ocrx_word' id='word_1_169' title='bbox 836 2546 979 2582; x_wconf 87' lang='lat' dir='ltr'><strong>omnino</strong></span> <span class='ocrx_word' id='word_1_170' title='bbox 1005 2546 1184 2583; x_wconf 84' lang='lat' dir='ltr'><strong>adsentior</strong></span> <span class='ocrx_word' id='word_1_171' title='bbox 1209 2547 1428 2595; x_wconf 55' lang='lat' dir='ltr'><strong>Helwingim</strong></span> 
     </span>
     <span class='ocr_line' id='line_1_23' title="bbox 145 2607 1255 2657; baseline 0.014 -18"><span class='ocrx_word' id='word_1_172' title='bbox 145 2616 257 2650; x_wconf 83' lang='lat' dir='ltr'><strong>quae,</strong></span> <span class='ocrx_word' id='word_1_173' title='bbox 284 2607 432 2643; x_wconf 81' lang='lat' dir='ltr'><strong>seorsim</strong></span> <span class='ocrx_word' id='word_1_174' title='bbox 457 2618 572 2647; x_wconf 83' lang='lat' dir='ltr'><strong>sumta</strong></span> <span class='ocrx_word' id='word_1_175' title='bbox 588 2635 599 2654; x_wconf 85' lang='lat'>,</span> <span class='ocrx_word' id='word_1_176' title='bbox 627 2612 744 2650; x_wconf 79' lang='lat' dir='ltr'><strong>minus</strong></span> <span class='ocrx_word' id='word_1_177' title='bbox 766 2627 844 2651; x_wconf 86' lang='lat' dir='ltr'><strong>rem</strong></span> <span class='ocrx_word' id='word_1_178' title='bbox 870 2615 1050 2653; x_wconf 77' lang='lat' dir='ltr'><strong>continere</strong></span> <span class='ocrx_word' id='word_1_179' title='bbox 1075 2617 1255 2657; x_wconf 73' lang='lat' dir='ltr'><strong>videntur.</strong></span> 
     </span>
    </p>
   </div>
  </div>
 </body>
</html>
