1630 3217
757 266 842 309 147

150 409 329 453 sentiens
347 441 360 462 ‚
404 422 582 466 anguem
618 407 695 450 sub
722 405 855 451 herba
886 406 1016 450 latere
1043 421 1160 466 posse
1178 434 1192 458 ,
1226 417 1279 447 ne
1300 405 1436 464 suspi-

151 521 264 556 catus
293 511 467 572 quidem
496 508 707 554 videatur.

209 922 333 983 Regis
360 921 580 982 Spartani,
614 921 779 983 saepius
804 921 1055 976 memorati,
1089 921 1222 966 vitam
1247 934 1345 965 cum
1366 936 1435 965 re-

148 1028 225 1072 bus
247 1026 364 1071 Arati
394 1026 570 1070 vinculo‘
586 1025 699 1071 haud
724 1025 982 1071 dissolvendo
1000 1040 1084 1070 esse
1101 1038 1353 1077 connexam,
1383 1031 1426 1067 et

148 1142 270 1189 supra
310 1127 490 1181 monui,
537 1133 580 1170 et
621 1127 717 1171 satis
758 1126 987 1188 unicuique
1031 1134 1177 1186 patere
1223 1125 1434 1177 existimo,

150 1229 286 1286 Quare
316 1228 391 1271 ubi
419 1228 472 1272 ad
500 1228 715 1272 Plutarchi
746 1228 800 1271 de
829 1242 879 1271 eo
905 1228 1118 1287 judicium
1145 1227 1432 1272 exhibendum

144 1333 235 1390 jam
268 1332 437 1375 devenit
466 1300 627 1376 oratio:
663 1346 736 1391 age
755 1364 769 1385 ,
800 1330 967 1391 Polybii
990 1331 1118 1375 etiam
1145 1330 1295 1375 collata
1337 1342 1432 1373 sen-

147 1438 280 1481 tentia
298 1471 311 1493 ,
345 1437 398 1481 de
423 1436 546 1497 hujus
570 1436 650 1480 viri
674 1436 866 1481 instituto
895 1436 1101 1497 quaedam
1114 1437 1426 1495 subjungamus.

149 1540 269 1597 Quod
300 1548 441 1585 tamen
470 1541 716 1602 priusquam
742 1540 956 1601 aggredior
975 1573 988 1594 ,
1022 1541 1125 1601 quid
1165 1541 1219 1584 de
1258 1541 1427 1600 Polybii

144 1648 189 1689 in
232 1642 357 1685 rebus
383 1643 502 1685 Arati
539 1643 702 1700 Judicio
729 1643 782 1686 sit
808 1642 1129 1686 existimandum
1146 1674 1159 1695 ,
1190 1642 1336 1702 paucis
1359 1642 1427 1685 in-

146 1744 406 1803 vestigemus.

206 1844 297 1900 Quo
340 1844 545 1888 intentius
585 1845 679 1904 quis
721 1846 911 1890 animum
937 1846 991 1890 ad
1018 1845 1142 1906 hujus
1163 1847 1345 1892 auctoris
1370 1847 1424 1892 de

145 1946 273 1992 Arato
300 1946 454 1991 tradita
480 1947 760 2014 adplicuerit,
794 1963 845 1992 eo
871 1948 998 2007 magis
1017 1982 1029 2002 ,
1062 1949 1217 2016 credo,
1250 1958 1417 1994 senten-

146 2051 230 2095 tiae
247 2085 259 2105 ,
308 2066 332 2094 a
359 2050 584 2095 clarissimo
613 2052 803 2097 Heereno
831 2052 1045 2112 prolatae,
1078 2053 1297 2098 veritatem
1321 2069 1419 2114 per-

145 2154 309 2214 spiciet.
372 2156 412 2199 Is
441 2156 554 2199 enim
570 2189 582 2209 ,
615 2155 661 2199 in
690 2156 1040 2200 commentatione
1068 2156 1233 2201 laudata
1267 2191 1297 2212 „
1329 2156 1419 2202 Po-

144 2257 306 2315 lybium
334 2260 368 2303 si
397 2259 546 2305 dixeris
564 2293 577 2313 ,
604 2259 718 2305 idem
743 2259 831 2305 fere
854 2275 940 2305 esse
966 2275 1015 2304 ac
1039 2260 1073 2306 si
1090 2260 1296 2306 Aratum''
1312 2276 1419 2307 con-

143 2360 293 2408 tendit.
328 2363 449 2420 Quod
475 2364 669 2427 inprimis
691 2364 743 2409 de
775 2364 857 2410 illis
883 2365 1026 2420 valet,·
1045 2381 1152 2427 quae
1174 2366 1225 2410 ad
1237 2335 1301 2410 res
1315 2380 1416 2410 con-

145 2472 208 2506 tra
246 2463 513 2512 Cleomenem
538 2478 670 2529 gestas
694 2471 924 2533 pertinent.
948 2456 952 2458 “
992 2472 1043 2515 In
1070 2471 1315 2515 memoriam
1342 2486 1418 2515 au-

122 2576 228 2613 tem
257 2569 331 2628 qui
361 2573 644 2629 revocaverit,
678 2590 785 2636 quae
823 2575 876 2620 de
903 2574 1087 2620 fontibus
1115 2590 1165 2619 ex
1192 2575 1342 2636 quibus
1371 2582 1416 2618 et

1178 2677 1270 2723 10*
