1630 3217
803 300 858 341 30

191 445 381 506 adjunxit
411 450 661 506 tantumque
702 443 813 487 illius
841 443 885 487 in
915 444 1024 488 cives
1049 457 1141 489 suos
1163 441 1293 488 valuit
1319 451 1469 488 aucto-

191 552 291 594 ritas
307 583 319 603 ,
366 558 413 594 ut
432 583 445 604 ,
491 549 565 611 qui
594 548 747 593 Dorica
785 547 915 609 stirpe
942 562 985 592 se
1014 546 1219 592 oriundos
1247 545 1472 607 gloriaren-

193 662 261 697 tur
281 687 293 707 ,
329 653 437 696 ultro
467 650 729 713 reipublicae
753 649 1023 698 Achaeorum
1069 666 1224 696 nomen
1261 651 1470 697 dederint.

195 755 328 815 Atqui
348 770 488 815 neque
516 755 720 815 dignitate
762 772 902 817 neque
933 756 1083 817 opibus
1128 758 1239 801 inter
1273 757 1473 803 Graeciae

194 858 382 902 civitates
426 874 476 902 eo
517 867 708 919 tempore
763 847 934 905 Achaeiv
970 859 1190 906 florebant.
1269 859 1351 905 Sed
1370 895 1381 914 ‚
1427 869 1473 904 ut

194 958 404 1019 praeclare
431 958 708 1005 Plutarchus:
746 964 903 1017 μάλιςα
927 966 980 1018 δὴ
1011 966 1223 1017 διέδειξαν
1253 957 1368 1010 οὗτοι
1397 969 1475 1020 τὴν

192 1061 449 1118 “Ελληνικὴν
460 1062 595 1118 ἀλκὴν
610 1066 880 1126 ἀπρόσμαχον
895 1064 1024 1114 οὖσαν
1038 1071 1179 1120 ὁσάκις
1193 1087 1312 1129 τυχοι
1324 1075 1477 1127 κόσμου

193 1167 266 1209 καὶ
294 1168 524 1218 συντάξεως
539 1171 842 1227 ὁμοφρονούσης
855 1175 926 1215 καὶ
941 1176 1041 1219 νοῦν
1056 1174 1225 1231 ἔχοντος
1240 1177 1439 1231 ἡγεμόνος
1457 1207 1470 1227 ,

195 1275 236 1315 οἳ
248 1277 321 1326 τῆς
332 1274 412 1327 μὲν
426 1273 560 1317 πάλαι
573 1278 661 1322 τῶν
677 1275 896 1330 Ἑλλήνων
912 1279 1044 1333 ἀκμῆς
1058 1277 1182 1322 οὐδὲν
1198 1311 1212 1330 ,
1247 1279 1304 1327 ὥς
1319 1278 1449 1320 εἶπεῖν
1465 1309 1477 1329 ,

193 1374 314 1431 μέρος
344 1376 461 1426 ὄντες
478 1410 491 1430 ,
523 1378 569 1420 ἐν
600 1376 645 1420 δὲ
673 1380 733 1434 τῷ
747 1380 840 1421 τότε
853 1381 951 1434 μιᾶς
974 1370 1367 1432 οἷξιολόγουπόλεως
1380 1383 1481 1433 σύμ-

194 1494 351 1529 παντες
379 1482 479 1534 ὁμοῦ
514 1479 695 1535 δύναμιν
711 1481 786 1525 οὐκ
817 1482 982 1539 ἔχοντες
1006 1480 1204 1539 εὐβουλίᾳ
1220 1481 1292 1523 καὶ
1307 1479 1481 1535 ὁμονοίᾳ

193 1584 265 1626 καὶ
291 1583 357 1625 ὅτι
383 1585 443 1639 τῷ
474 1585 626 1640 πρώτῳ
655 1583 749 1626 κατ’
778 1583 929 1640 ἀρετὴν
962 1583 1167 1627 ἐδύναντο
1209 1585 1263 1637 μὴ
1299 1584 1479 1636 φθονεῖν

194 1685 304 1728 ἀλλὰ
348 1686 576 1727 πείθεσθαι
613 1688 685 1727 καὶ
701 1684 953 1729 ἀκολουθεῖν
969 1717 981 1737 ,
1010 1686 1058 1728 οὐ
1085 1688 1215 1740 μόνον
1257 1685 1406 1733 αὐτούς
1435 1685 1480 1726 ἐν

195 1785 306 1842 μέσῳ
332 1785 497 1831 ’πόλεων
526 1788 598 1829 καὶ
625 1785 841 1842 δυνάμεων
854 1785 1110 1842 τηλικούτων
1125 1786 1196 1831 καὶ
1220 1786 1482 1844 τυραννίδων

195 1888 453 1944 διεφύλαξαν
468 1888 710 1946 ἐλευθεροῦς
734 1888 844 1932 ἀλλὰ
860 1891 931 1931 καὶ
946 1922 960 1942 ,
992 1890 1079 1933 τῶν
1108 1888 1250 1933 ἄλλων
1264 1870 1482 1943 “Ὲλλήνων

193 1991 250 2038 ὥς
278 1987 471 2037 πλείςους
501 1988 814 2046 ἐλευθεροῦντες
844 1992 915 2033 καὶ
947 1990 1148 2041 σώζοντες
1179 1990 1407 2035 διετέλουν.

255 2092 439 2151 Sicyone
479 2093 640 2137 foederi
685 2093 873 2138 Achaico
916 2094 1095 2153 juncta,
1159 2107 1302 2136 rerum
1341 2100 1482 2136 tamen

198 2195 299 2239 ordo
342 2196 387 2238 in
427 2196 638 2256 integrum
675 2196 864 2241 nondum
903 2197 1119 2242 restitutus
1154 2204 1259 2244 erat.
1335 2194 1484 2240 Exules

197 2300 313 2342 enim
357 2299 517 2344 exorari
560 2315 601 2343 se
646 2315 913 2360 nequaquam
937 2301 1158 2353 sinebant,
1190 2300 1482 2359 bonorumque

196 2418 367 2448 suorum
405 2402 707 2462 possessoribus
748 2411 883 2446 tantas
931 2383 1130 2450 creabant
1160 2403 1370 2448 molestias
1388 2437 1400 2457 ‚
1432 2412 1480 2446 ut

199 2520 410 2549 summum
455 2505 554 2549 inde
593 2505 691 2549 urbi
732 2504 976 2549 immineret
1002 2505 1256 2566 periculum.
1305 2507 1484 2557 Aratus,

198 2609 330 2671 »quia
358 2618 400 2655 et
423 2625 491 2655 eos
516 2625 621 2671 quos
650 2609 739 2670 ipse
776 2609 1045 2664 restituerat,
1080 2624 1260 2670 quorum
1288 2609 1399 2653 bona
1413 2604 1486 2651 alii
