1630 3217
832 315 843 336 Ι

827 316 882 356 48

278 458 432 504 Mirari
462 465 602 501 tamen
644 457 778 512 subit,
824 465 956 502 tantas
993 457 1263 502 Plutarchum
1305 459 1348 502 in
1384 458 1494 506 hanc

223 562 341 605 Arati
367 562 758 623 magnanimitatem
784 562 923 606 laudes
945 563 1193 623 profudisse.
1242 562 1276 606 F
1278 578 1325 606 ac
1352 563 1464 608 enim
1481 599 1493 617 ,

217 665 357 725 magni
380 680 479 709 eum
509 680 624 725 spem
650 667 855 726 praeclari
880 667 1075 711 facinoris
1097 668 1244 713 emisse
1264 669 1489 716 incertam:

216 784 256 818 at
286 788 383 819 vero
414 783 573 836 quanto
602 773 708 820 illud
735 776 894 835 majus,
942 775 1054 837 quod
1072 810 1082 829 ‚
1116 791 1161 821 re
1193 776 1370 822 feliciter
1394 793 1492 838 pro-

215 883 417 936 cedente,
464 890 552 926 erat
595 890 922 935 consecuturus3
974 893 1129 944 quanta
1160 886 1203 928 in
1239 901 1333 929 eum
1364 885 1493 945 gloria

216 984 498 1028 redundatura
516 1018 529 1037 ,
574 984 608 1027 si
636 999 659 1026 a
687 983 953 1031 Macedonici
973 989 1090 1033 istius
1115 990 1313 1050 praesidii
1338 1001 1493 1036 terrore

214 1090 392 1134 liberare
423 1089 745 1149 Peloponnesios
775 1090 1041 1150 contigisset!

276 1195 428 1241 Aratus
469 1195 597 1256 igitur
616 1230 628 1250 ,
683 1204 730 1240 ut
777 1195 995 1240 Plutarchi
1053 1198 1332 1242 narrationem
1377 1199 1494 1241 brevi

212 1299 469 1358 complectar
488 1332 500 1350 ,
532 1299 740 1342 militibus
768 1299 1082 1360 quadringentis
1116 1301 1343 1354 adhibitis,
1391 1317 1494 1345 noc-

214 1412 340 1447 turno
382 1401 725 1462 clandestinoque
763 1403 940 1447 intro'itu
975 1404 1124 1447 urbem
1161 1394 1390 1464 ingressus,
1434 1406 1496 1448 sa-

210 1517 334 1551 vente
364 1507 561 1559 fortuna,
589 1507 720 1565 pulsis
750 1505 939 1549 hostibus
957 1539 968 1557 ,
1004 1520 1098 1548 arce
1139 1507 1317 1564 potitur.
1382 1505 1493 1549 Gon-

211 1611 323 1655 fecto
349 1610 516 1671 negotio
534 1644 545 1663 ,
581 1609 641 1653 sol
665 1608 807 1654 statim
829 1607 982 1653 illuxit.
1030 1607 1114 1652 Hic
1140 1608 1424 1668 spectaculum
1452 1624 1493 1652 se

211 1715 332 1756 nobis
354 1714 473 1756 offert
491 1748 503 1766 ‚
537 1729 672 1757 unum
696 1714 741 1754 in
767 1713 912 1771 paucis
937 1712 1165 1771 egregium.
1229 1712 1352 1755 Parta
1379 1711 1491 1754 enim

212 1817 417 1870 victoria,
467 1830 565 1860 cum
615 1824 704 1858 tuta
740 1817 831 1873 jam
864 1814 1105 1857 viderentur
1144 1815 1312 1869 omnia,
1345 1816 1491 1869 heros,

214 1922 415 1965 immensa
437 1918 628 1980 stipante'
639 1921 827 1972 caterva,
875 1920 927 1963 ab
955 1920 1049 1962 arce
1084 1919 1128 1962 in
1158 1918 1369 1964 theatrum
1398 1920 1492 1964 des-

210 2024 382 2077 cendit,
431 2024 506 2069 ubi
549 2024 696 2085 populi
733 2032 874 2068 coetus
909 2022 1057 2067 haberi
1094 2022 1298 2068 solebant.
1372 2022 1489 2066 Con-

211 2130 416 2174 fluxerant
457 2145 507 2173 eo
542 2142 714 2182 omnes,
759 2137 807 2172 ut
845 2127 956 2172 illius
987 2129 1227 2180 fruerentur
1265 2135 1490 2186 conspectu

212 2248 506 2292 sermonesque
536 2233 707 2276 auribus
733 2232 994 2290 arriperent,
1040 2232 1141 2291 qui,
1189 2240 1281 2290 post
1323 2238 1492 2275 centum

214 2335 386 2380 circiter
415 2350 542 2378 annos
560 2368 572 2388 ,
604 2333 810 2378 libertatis
845 2333 944 2394 ipsis
970 2343 1012 2378 et
1038 2333 1178 2377 salutis
1204 2341 1349 2378 auctor
1372 2344 1492 2383 esset.

215 2440 407 2498 Utraque
445 2437 641 2482 transitus
694 2444 813 2497 parte
858 2438 911 2480 ab
951 2437 1131 2481 Achaeis
1171 2441 1401 2500 occupata,
1449 2442 1493 2484 in

213 2544 400 2589 medium
444 2544 594 2588 Aratus
643 2543 695 2586 de
742 2542 863 2586 scena
904 2557 1138 2603 progressus
1179 2551 1264 2598 est,
1323 2544 1494 2589 thorace

212 2650 400 2695 munitus
426 2684 437 2702 ,
483 2649 622 2692 animo
679 2647 851 2707 quidem
898 2648 1127 2702 exsultans,
1178 2649 1248 2691 sed
1291 2646 1492 2690 laetitiam
