1630 3217
763 297 848 340 149

161 449 360 508 ”Αρατον
389 450 480 491 τότε
499 443 712 502 προεςῶτα
741 444 812 485 καὶ
840 441 888 482 τὸ
916 438 1043 486 ἔθνος
1060 434 1434 491 ἐσωματοποίησαν“

159 553 454 610 πραγματικῶς
483 549 909 601 οἷντιπερισπάσαντος
937 523 1099 584 ἐκείνοι)
1135 539 1207 580 καὶ
1249 537 1437 596 λυμῃνα-

156 670 285 709 μενον
314 657 388 702 τάς
418 649 617 709 ἐπιβολὰς
647 648 802 691 αὐτῶν.
864 645 1041 689 Aratum
1069 642 1197 702 igitur
1209 640 1344 685 virum
1360 656 1433 683 vo-

158 760 224 796 cat
242 785 254 806 ‚
299 751 372 812 qui
415 751 560 811 quovis
584 764 726 794 rerum
754 756 863 794 statu
892 743 1113 793 commode
1136 746 1199 790 uti
1226 744 1429 789 hostium-

158 868 241 912 que
278 861 450 896 eonatus
487 850 656 896 solerter
690 852 734 929 {n
776 852 1030 896 contrarium
1053 858 1214 894 vertere
1243 835 1290 892 et*
1326 849 1434 891 frus-

155 955 257 999 trari
281 956 403 1000 sciret
423 976 433 1002 :
470 972 552 1016 quo
582 955 806 1015 praeconio
823 990 835 1009 ,
870 954 1058 1015 quamvis
1075 965 1173 996 vero
1191 983 1204 1004 ,
1227 949 1308 993 hae
1320 956 1433 992 certe

157 1061 468 1120 opportunitate
504 1061 618 1104 edito
635 1094 647 1113 ,
693 1060 802 1103 nihil
839 1060 968 1119 magis
996 1066 1312 1118 praeposterum
1353 1052 1428 1096 ha-

155 1161 339 1206 bendum
403 1170 478 1207 est.
564 1161 732 1207 Aetolos
766 1196 781 1219 ,
838 1160 947 1205 nihil
1002 1175 1146 1205 eorum
1185 1171 1293 1219 quae
1337 1169 1431 1215 spe-

152 1273 310 1308 rassent
349 1271 620 1318 consecutos,
665 1264 843 1309 Aratum
884 1263 959 1324 qui
993 1273 1095 1308 tunc
1123 1261 1284 1306 foederi
1309 1273 1430 1320 prae-

152 1376 255 1411 esset
292 1376 542 1427 gentemque
584 1367 718 1427 ipsam
749 1368 896 1412 fecisse
937 1367 1192 1427 potentiores
1234 1372 1276 1407 et
1302 1362 1428 1406 veluti

154 1484 308 1529 corpus·
337 1468 388 1512 iis
429 1467 637 1513 addidisse
680 1470 754 1514 ait.
829 1469 885 1512 At
923 1484 1105 1529 quonam
1143 1467 1221 1510 isto
1239 1500 1253 1520 ‚
1300 1480 1427 1526 quae-

154 1589 196 1617 so
213 1605 226 1627 ,
270 1572 530 1616 incremento
566 1571 703 1615 aucti!
766 1571 915 1615 Nonne
951 1572 1002 1615 ad
1030 1571 1157 1615 talem
1178 1571 1335 1615 exitum
1364 1585 1428 1613 res

152 1674 277 1717 fuisse
298 1673 519 1732 perductas
536 1707 550 1727 ,
581 1675 766 1734 gavisum
794 1675 1016 1732 Polybium
1041 1685 1083 1719 et
1098 1677 1320 1735 gloriatum
1336 1691 1429 1719 cre-

152 1776 303 1819 deres?
348 1802 409 1808 -
454 1776 647 1819 Eundem
687 1774 721 1817 si
775 1776 918 1819 audias
963 1785 1201 1822 auctorem:
1238 1776 1426 1831 Achaei,

152 1878 196 1919 in
223 1876 428 1935 angustias
454 1892 478 1919 a
502 1891 600 1936 rege
626 1876 831 1935 Spartano
845 1878 1005 1923 redacti
1021 1913 1034 1932 ,
1066 1878 1176 1923 nihil
1188 1881 1328 1939 potius
1344 1897 1426 1940 op-

149 1985 291 2022 tarunt
310 2011 322 2032 ‚
347 1991 496 2037 quam,
521 1985 568 2021 ut
597 1977 852 2038 Antigonum
880 1987 1127 2025 arcessentes
1146 2015 1157 2034 ‚
1190 1980 1425 2026 discrimini

150 2097 223 2127 suo
262 2081 540 2127 subvenirent.
605 2082 805 2143 Ejusdem
845 2084 958 2127 enim
1004 2084 1103 2127 libri
1145 2101 1182 2130 c.
1233 2089 1288 2130 50
1322 2086 1425 2131 haec

149 2185 302 2232 habes:
339 2188 493 2245 Λίοπερ
511 2220 524 2241 ,
565 2189 652 2243 ἅμα
681 2191 740 2245 τῷ
770 2187 1060 2245 παρελθόντας
1091 2190 1187 2238 τούς
1224 2189 1431 2242 Μεγαλο..

149 2289 324 2341 πολίτας
355 2293 412 2341 εἷς
440 2292 487 2333 τὸ
518 2292 659 2335 κοινὸν
691 2260 984 2349 βουλευτζρριον
1002 2323 1015 2344 ,
1054 2294 1108 2333 τά
1133 2307 1178 2333 τε
1208 2295 1428 2348 γράμματα

149 2395 235 2439 τοῖς
276 2390 476 2449 Ἀχαιοῖς
524 2393 810 2438 ἐπιδεικνύναι
850 2394 922 2436 καὶ
968 2392 1189 2447 διασαφεῖν
1219 2395 1296 2445 τὴν
1323 2391 1426 2446 ὅλην

150 2496 317 2538 εὔνοιαν
343 2498 415 2537 τοῦ
437 2495 665 2552 βασιλέως,
699 2499 800 2556 πρὸς
827 2497 872 2541 δὲ
900 2501 1059 2546 τούτοις
1089 2495 1234 2545 ἀξιοῦν
1250 2497 1424 2538 ἐπισπά-

150 2600 304 2639 σασθαι
336 2597 407 2640 τὸν
437 2596 701 2649 Ἀντίγονον
727 2602 805 2654 τὴν
833 2600 1008 2657 ταχίςηυ
1025 2632 1037 2652 ,
1072 2592 1179 2643 εἶναι
1208 2597 1251 2640 δὲ
1281 2597 1349 2639 καὶ
1377 2597 1426 2639 τὸ
