<?xml version="1.0" encoding="UTF-8"?>
<!DOCTYPE html PUBLIC "-//W3C//DTD XHTML 1.0 Transitional//EN"
    "http://www.w3.org/TR/xhtml1/DTD/xhtml1-transitional.dtd">
<html xmlns="http://www.w3.org/1999/xhtml" xml:lang="en" lang="en">
 <head>
  <title>
</title>
<meta http-equiv="Content-Type" content="text/html;charset=utf-8" />
  <meta name='ocr-system' content='tesseract 3.04.00' />
  <meta name='ocr-capabilities' content='ocr_page ocr_carea ocr_par ocr_line ocrx_word'/>
</head>
<body>
  <div class='ocr_page' id='page_1' title='image "4737160_0091.png"; bbox 0 0 1630 3217; ppageno 0'>
   <div class='ocr_carea' id='block_1_1' title="bbox 793 303 850 345">
    <p class='ocr_par' dir='ltr' id='par_1_1' title="bbox 793 303 850 345">
     <span class='ocr_line' id='line_1_1' title="bbox 793 303 850 345; baseline -0.018 0"><span class='ocrx_word' id='word_1_1' title='bbox 793 303 850 345; x_wconf 81' lang='lat'><strong>64</strong></span> 
     </span>
    </p>
   </div>
   <div class='ocr_carea' id='block_1_2' title="bbox 140 445 1502 2578">
    <p class='ocr_par' dir='ltr' id='par_1_2' title="bbox 140 445 1502 2578">
     <span class='ocr_line' id='line_1_2' title="bbox 175 445 1468 505; baseline 0.002 -14"><span class='ocrx_word' id='word_1_2' title='bbox 175 446 255 498; x_wconf 74' lang='grc' dir='ltr'><strong>ὢςε</strong></span> <span class='ocrx_word' id='word_1_3' title='bbox 293 445 417 491; x_wconf 72' lang='grc' dir='ltr'><strong><em>πέντε</em></strong></span> <span class='ocrx_word' id='word_1_4' title='bbox 459 446 665 504; x_wconf 78' lang='grc' dir='ltr'><strong><em>μυριάδας</em></strong></span> <span class='ocrx_word' id='word_1_5' title='bbox 697 446 979 504; x_wconf 72' lang='grc' dir='ltr'><em>ἀνδραπόδων</em></span> <span class='ocrx_word' id='word_1_6' title='bbox 1018 445 1280 505; x_wconf 77' lang='grc' dir='ltr'><strong><em>ἐμβαλόντας</em></strong></span> <span class='ocrx_word' id='word_1_7' title='bbox 1305 449 1362 497; x_wconf 76' lang='grc' dir='ltr'><strong>εἷς</strong></span> <span class='ocrx_word' id='word_1_8' title='bbox 1391 452 1468 502; x_wconf 77' lang='grc' dir='ltr'><strong>τὴν</strong></span> 
     </span>
     <span class='ocr_line' id='line_1_3' title="bbox 175 545 1467 606; baseline -0.003 -10"><span class='ocrx_word' id='word_1_9' title='bbox 175 553 433 606; x_wconf 71' lang='grc' dir='ltr'><em>Λακωνικὴν</em></span> <span class='ocrx_word' id='word_1_10' title='bbox 463 549 687 601; x_wconf 74' lang='grc' dir='ltr'><strong>Αἰτωλοὺς</strong></span> <span class='ocrx_word' id='word_1_11' title='bbox 715 551 953 604; x_wconf 70' lang='grc' dir='ltr'><em>ἀπαγαγεῖν</em></span> <span class='ocrx_word' id='word_1_12' title='bbox 971 584 983 603; x_wconf 86' lang='grc'><strong><em>,</em></strong></span> <span class='ocrx_word' id='word_1_13' title='bbox 1016 557 1059 594; x_wconf 83' lang='lat' dir='ltr'><strong>et</strong></span> <span class='ocrx_word' id='word_1_14' title='bbox 1084 563 1127 595; x_wconf 82' lang='lat' dir='ltr'><strong>e.</strong></span> <span class='ocrx_word' id='word_1_15' title='bbox 1158 547 1243 594; x_wconf 85' lang='lat' dir='ltr'><strong>X0.</strong></span> <span class='ocrx_word' id='word_1_16' title='bbox 1272 545 1467 593; x_wconf 85' lang='lat' dir='ltr'><strong>Cleome-</strong></span> 
     </span>
     <span class='ocr_line' id='line_1_4' title="bbox 170 651 1464 716; baseline 0.001 -19"><span class='ocrx_word' id='word_1_17' title='bbox 170 667 246 698; x_wconf 87' lang='lat' dir='ltr'><strong>nes</strong></span> <span class='ocrx_word' id='word_1_18' title='bbox 263 686 277 707; x_wconf 91' lang='lat'><strong>‚</strong></span> <span class='ocrx_word' id='word_1_19' title='bbox 323 652 370 697; x_wconf 90' lang='lat' dir='ltr'><strong>in</strong></span> <span class='ocrx_word' id='word_1_20' title='bbox 401 652 590 698; x_wconf 86' lang='lat' dir='ltr'><strong>oratione</strong></span> <span class='ocrx_word' id='word_1_21' title='bbox 633 652 710 698; x_wconf 65' lang='lat' dir='ltr'><strong>illa</strong></span> <span class='ocrx_word' id='word_1_22' title='bbox 741 652 1041 708; x_wconf 86' lang='lat' dir='ltr'><strong>memorabili,</strong></span> <span class='ocrx_word' id='word_1_23' title='bbox 1088 653 1169 716; x_wconf 65' lang='lat' dir='ltr'><strong>qua</strong></span> <span class='ocrx_word' id='word_1_24' title='bbox 1194 651 1464 716; x_wconf 87' lang='lat' dir='ltr'><strong>Ephororum</strong></span> 
     </span>
     <span class='ocr_line' id='line_1_5' title="bbox 171 755 1462 818; baseline 0.002 -18"><span class='ocrx_word' id='word_1_25' title='bbox 171 755 392 818; x_wconf 87' lang='lat' dir='ltr'><strong>deprecari</strong></span> <span class='ocrx_word' id='word_1_26' title='bbox 420 756 596 802; x_wconf 88' lang='lat' dir='ltr'><strong>caedem</strong></span> <span class='ocrx_word' id='word_1_27' title='bbox 638 767 817 803; x_wconf 84' lang='lat' dir='ltr'><strong>conatur</strong></span> <span class='ocrx_word' id='word_1_28' title='bbox 834 793 848 814; x_wconf 90' lang='lat'>,</span> <span class='ocrx_word' id='word_1_29' title='bbox 893 759 1114 805; x_wconf 88' lang='lat' dir='ltr'><strong>meliorem</strong></span> <span class='ocrx_word' id='word_1_30' title='bbox 1143 774 1185 814; x_wconf 78' lang='lat' dir='ltr'><strong>se</strong></span> <span class='ocrx_word' id='word_1_31' title='bbox 1210 773 1352 804; x_wconf 90' lang='lat' dir='ltr'><strong>rerum</strong></span> <span class='ocrx_word' id='word_1_32' title='bbox 1379 766 1462 803; x_wconf 81' lang='lat' dir='ltr'><strong>sta-</strong></span> 
     </span>
     <span class='ocr_line' id='line_1_6' title="bbox 170 860 1464 922; baseline 0.003 -19"><span class='ocrx_word' id='word_1_33' title='bbox 170 867 263 905; x_wconf 87' lang='lat' dir='ltr'><strong>tum</strong></span> <span class='ocrx_word' id='word_1_34' title='bbox 310 860 580 907; x_wconf 83' lang='lat' dir='ltr'><strong>introducere</strong></span> <span class='ocrx_word' id='word_1_35' title='bbox 609 862 786 922; x_wconf 84' lang='lat' dir='ltr'>Spartae</span> <span class='ocrx_word' id='word_1_36' title='bbox 823 863 1004 909; x_wconf 87' lang='lat' dir='ltr'><strong>affirmat</strong></span> <span class='ocrx_word' id='word_1_37' title='bbox 1049 866 1160 916; x_wconf 73' lang='grc' dir='ltr'><em>ὅπως</em></span> <span class='ocrx_word' id='word_1_38' title='bbox 1201 866 1242 910; x_wconf 81' lang='grc' dir='ltr'><strong>οἷ</strong></span> <span class='ocrx_word' id='word_1_39' title='bbox 1279 868 1464 922; x_wconf 75' lang='grc' dir='ltr'><strong><em>κράτιςοι</em></strong></span> 
     </span>
     <span class='ocr_line' id='line_1_7' title="bbox 169 961 1461 1020; baseline 0.002 -14"><span class='ocrx_word' id='word_1_40' title='bbox 169 964 384 1020; x_wconf 71' lang='grc' dir='ltr'><strong><em>γενόμενοι</em></strong></span> <span class='ocrx_word' id='word_1_41' title='bbox 423 965 700 1019; x_wconf 82' lang='grc' dir='ltr'><em>Σπαρτιᾶται</em></span> <span class='ocrx_word' id='word_1_42' title='bbox 741 961 901 1015; x_wconf 75' lang='grc' dir='ltr'><em>σώζωσι</em></span> <span class='ocrx_word' id='word_1_43' title='bbox 943 966 1023 1019; x_wconf 67' lang='grc' dir='ltr'><strong>τὴν</strong></span> <span class='ocrx_word' id='word_1_44' title='bbox 1051 965 1180 1012; x_wconf 78' lang='grc' dir='ltr'><strong><em>πόλιν</em></strong></span> <span class='ocrx_word' id='word_1_45' title='bbox 1203 970 1292 1017; x_wconf 80' lang='grc' dir='ltr'><strong>τοῖς</strong></span> <span class='ocrx_word' id='word_1_46' title='bbox 1317 963 1461 1016; x_wconf 80' lang='grc' dir='ltr'><strong><em>ὅπλοις</em></strong></span> 
     </span>
     <span class='ocr_line' id='line_1_8' title="bbox 167 1067 1461 1122; baseline 0.004 -13"><span class='ocrx_word' id='word_1_47' title='bbox 167 1067 244 1109; x_wconf 73' lang='grc' dir='ltr'><strong>καὶ</strong></span> <span class='ocrx_word' id='word_1_48' title='bbox 270 1068 514 1110; x_wconf 74' lang='grc' dir='ltr'><em>παύσωνται</em></span> <span class='ocrx_word' id='word_1_49' title='bbox 540 1067 620 1120; x_wconf 78' lang='grc' dir='ltr'><strong>τὴν</strong></span> <span class='ocrx_word' id='word_1_50' title='bbox 644 1069 902 1122; x_wconf 71' lang='grc' dir='ltr'><em>Λακωνικὴν</em></span> <span class='ocrx_word' id='word_1_51' title='bbox 942 1067 1158 1114; x_wconf 71' lang='grc' dir='ltr'><em>Αἰτωλῶν</em></span> <span class='ocrx_word' id='word_1_52' title='bbox 1201 1071 1274 1114; x_wconf 76' lang='grc' dir='ltr'><strong>καὶ</strong></span> <span class='ocrx_word' id='word_1_53' title='bbox 1301 1068 1461 1115; x_wconf 48' lang='grc' dir='ltr'><strong>«Ἰλλυ-</strong></span> 
     </span>
     <span class='ocr_line' id='line_1_9' title="bbox 167 1164 1459 1234; baseline 0.004 -23"><span class='ocrx_word' id='word_1_54' title='bbox 167 1169 272 1234; x_wconf 69' lang='grc' dir='ltr'><strong>ριῶυι</strong></span> <span class='ocrx_word' id='word_1_55' title='bbox 299 1167 421 1214; x_wconf 75' lang='grc' dir='ltr'><em>λείαν</em></span> <span class='ocrx_word' id='word_1_56' title='bbox 436 1164 565 1215; x_wconf 76' lang='grc' dir='ltr'><em>οὖσαν</em></span> <span class='ocrx_word' id='word_1_57' title='bbox 580 1167 730 1228; x_wconf 76' lang='grc' dir='ltr'><strong><em>ἐρημίᾳ</em></strong></span> <span class='ocrx_word' id='word_1_58' title='bbox 751 1170 838 1215; x_wconf 77' lang='grc' dir='ltr'><strong>τῶν</strong></span> <span class='ocrx_word' id='word_1_59' title='bbox 859 1169 1106 1226; x_wconf 65' lang='grc' dir='ltr'><em>ἀμυνόντων</em></span> <span class='ocrx_word' id='word_1_60' title='bbox 1129 1172 1373 1231; x_wconf 49' lang='lat' dir='ltr'><strong>{montionem</strong></span> <span class='ocrx_word' id='word_1_61' title='bbox 1398 1196 1459 1205; x_wconf 90' lang='lat'><strong>—-</strong></span> 
     </span>
     <span class='ocr_line' id='line_1_10' title="bbox 167 1269 1458 1342; baseline 0.004 -28"><span class='ocrx_word' id='word_1_62' title='bbox 167 1269 226 1314; x_wconf 78' lang='lat' dir='ltr'><strong>At</strong></span> <span class='ocrx_word' id='word_1_63' title='bbox 253 1285 353 1315; x_wconf 83' lang='lat' dir='ltr'><strong>vero</strong></span> <span class='ocrx_word' id='word_1_64' title='bbox 372 1305 383 1326; x_wconf 90' lang='lat'><strong>,</strong></span> <span class='ocrx_word' id='word_1_65' title='bbox 418 1270 557 1331; x_wconf 81' lang='lat' dir='ltr'><strong>pergit</strong></span> <span class='ocrx_word' id='word_1_66' title='bbox 588 1270 703 1316; x_wconf 87' lang='lat' dir='ltr'><strong>idem</strong></span> <span class='ocrx_word' id='word_1_67' title='bbox 723 1305 735 1325; x_wconf 94' lang='lat'><strong>,</strong></span> <span class='ocrx_word' id='word_1_68' title='bbox 770 1271 916 1316; x_wconf 86' lang='lat' dir='ltr'><strong>civitas</strong></span> <span class='ocrx_word' id='word_1_69' title='bbox 941 1271 1191 1342; x_wconf 79' lang='lat' dir='ltr'><strong>pessundata</strong></span> <span class='ocrx_word' id='word_1_70' title='bbox 1224 1273 1326 1331; x_wconf 81' lang='lat' dir='ltr'><strong>(une</strong></span> <span class='ocrx_word' id='word_1_71' title='bbox 1347 1274 1458 1319; x_wconf 82' lang='lat' dir='ltr'><strong>ville</strong></span> 
     </span>
     <span class='ocr_line' id='line_1_11' title="bbox 168 1370 1457 1439; baseline 0.004 -22"><span class='ocrx_word' id='word_1_72' title='bbox 168 1370 345 1432; x_wconf 59' lang='lat' dir='ltr'><strong>ruz&#39;sne&#39;e)</strong></span> <span class='ocrx_word' id='word_1_73' title='bbox 365 1407 380 1429; x_wconf 87' lang='lat'>‚</span> <span class='ocrx_word' id='word_1_74' title='bbox 412 1374 581 1436; x_wconf 87' lang='lat' dir='ltr'><strong>qualem</strong></span> <span class='ocrx_word' id='word_1_75' title='bbox 604 1390 656 1420; x_wconf 92' lang='lat' dir='ltr'><strong>eo</strong></span> <span class='ocrx_word' id='word_1_76' title='bbox 684 1384 874 1437; x_wconf 87' lang='lat' dir='ltr'><strong>tempore</strong></span> <span class='ocrx_word' id='word_1_77' title='bbox 889 1375 1085 1437; x_wconf 84' lang='lat' dir='ltr'><strong>Spartam</strong></span> <span class='ocrx_word' id='word_1_78' title='bbox 1114 1375 1240 1421; x_wconf 88' lang='lat' dir='ltr'><strong>fuisse</strong></span> <span class='ocrx_word' id='word_1_79' title='bbox 1264 1376 1457 1439; x_wconf 78' lang='lat' dir='ltr'><strong>legimuS,</strong></span> 
     </span>
     <span class='ocr_line' id='line_1_12' title="bbox 166 1481 1456 1547; baseline 0.005 -22"><span class='ocrx_word' id='word_1_80' title='bbox 166 1481 379 1541; x_wconf 83' lang='lat' dir='ltr'><strong>quomodo</strong></span> <span class='ocrx_word' id='word_1_81' title='bbox 409 1481 581 1527; x_wconf 88' lang='lat' dir='ltr'><strong>tandem</strong></span> <span class='ocrx_word' id='word_1_82' title='bbox 612 1482 665 1527; x_wconf 91' lang='lat' dir='ltr'><strong>ad</strong></span> <span class='ocrx_word' id='word_1_83' title='bbox 689 1483 892 1542; x_wconf 86' lang='lat' dir='ltr'><strong>juvandos</strong></span> <span class='ocrx_word' id='word_1_84' title='bbox 924 1482 1114 1528; x_wconf 81' lang='lat' dir='ltr'><strong>Achaeos</strong></span> <span class='ocrx_word' id='word_1_85' title='bbox 1144 1485 1456 1547; x_wconf 81' lang='lat' dir='ltr'><strong>expedire-po-</strong></span> 
     </span>
     <span class='ocr_line' id='line_1_13' title="bbox 162 1585 1456 1647; baseline -0.002 -15"><span class='ocrx_word' id='word_1_86' title='bbox 162 1586 246 1632; x_wconf 84' lang='lat' dir='ltr'><strong>tuit</strong></span> <span class='ocrx_word' id='word_1_87' title='bbox 292 1586 524 1644; x_wconf 75' lang='lat' dir='ltr'><strong>exercituin</strong></span> <span class='ocrx_word' id='word_1_88' title='bbox 562 1595 650 1633; x_wconf 84' lang='lat' dir='ltr'><strong>tam</strong></span> <span class='ocrx_word' id='word_1_89' title='bbox 693 1586 875 1632; x_wconf 80' lang='lat' dir='ltr'>alacrem</span> <span class='ocrx_word' id='word_1_90' title='bbox 918 1586 972 1632; x_wconf 82' lang='lat' dir='ltr'><strong>ad</strong></span> <span class='ocrx_word' id='word_1_91' title='bbox 1014 1585 1291 1647; x_wconf 82' lang='lat' dir='ltr'><strong>pugnandum</strong></span> <span class='ocrx_word' id='word_1_92' title='bbox 1306 1620 1324 1642; x_wconf 83' lang='lat'>,</span> <span class='ocrx_word' id='word_1_93' title='bbox 1368 1595 1456 1636; x_wconf 86' lang='lat' dir='ltr'><strong>tam</strong></span> 
     </span>
     <span class='ocr_line' id='line_1_14' title="bbox 140 1688 1496 1750; baseline -0.004 -14"><span class='ocrx_word' id='word_1_94' title='bbox 140 1688 272 1737; x_wconf 81' lang='lat' dir='ltr'><strong>¹bene</strong></span> <span class='ocrx_word' id='word_1_95' title='bbox 308 1691 560 1736; x_wconf 81' lang='lat' dir='ltr'><strong>instructum</strong></span> <span class='ocrx_word' id='word_1_96' title='bbox 579 1724 591 1745; x_wconf 94' lang='lat'>,</span> <span class='ocrx_word' id='word_1_97' title='bbox 639 1699 729 1735; x_wconf 88' lang='lat' dir='ltr'><strong>tam</strong></span> <span class='ocrx_word' id='word_1_98' title='bbox 756 1689 984 1750; x_wconf 68' lang='lat' dir='ltr'><strong>disciplina</strong></span> <span class='ocrx_word' id='word_1_99' title='bbox 1007 1690 1231 1739; x_wconf 82' lang='lat' dir='ltr'><strong>subactum</strong></span> <span class='ocrx_word' id='word_1_100' title='bbox 1249 1723 1261 1743; x_wconf 93' lang='lat'><em>‚</em></span> <span class='ocrx_word' id='word_1_101' title='bbox 1294 1697 1342 1733; x_wconf 88' lang='lat' dir='ltr'><strong>ut</strong></span> <span class='ocrx_word' id='word_1_102' title='bbox 1364 1704 1455 1733; x_wconf 89' lang='lat' dir='ltr'><strong>om·</strong></span> <span class='ocrx_word' id='word_1_103' title='bbox 1491 1716 1496 1722; x_wconf 85' lang='lat'>-</span> 
     </span>
     <span class='ocr_line' id='line_1_15' title="bbox 164 1790 1455 1851; baseline 0.001 -16"><span class='ocrx_word' id='word_1_104' title='bbox 164 1790 287 1835; x_wconf 89' lang='lat' dir='ltr'><strong>nium</strong></span> <span class='ocrx_word' id='word_1_105' title='bbox 335 1801 501 1851; x_wconf 84' lang='lat' dir='ltr'><strong>raperet</strong></span> <span class='ocrx_word' id='word_1_106' title='bbox 551 1790 877 1836; x_wconf 83' lang='lat' dir='ltr'><strong>admirationem</strong></span> <span class='ocrx_word' id='word_1_107' title='bbox 894 1792 916 1835; x_wconf 68' lang='grc' dir='ltr'><strong>’ἶ</strong></span> <span class='ocrx_word' id='word_1_108' title='bbox 992 1792 1145 1837; x_wconf 87' lang='lat' dir='ltr'><strong>Nonne</strong></span> <span class='ocrx_word' id='word_1_109' title='bbox 1196 1791 1343 1836; x_wconf 65' lang='lat' dir='ltr'><strong>eadem</strong></span> <span class='ocrx_word' id='word_1_110' title='bbox 1383 1792 1455 1836; x_wconf 91' lang='lat' dir='ltr'><strong>illa</strong></span> 
     </span>
     <span class='ocr_line' id='line_1_16' title="bbox 163 1892 1454 1955; baseline -0.002 -14"><span class='ocrx_word' id='word_1_111' title='bbox 163 1895 382 1941; x_wconf 85' lang='lat' dir='ltr'><strong>constabat</strong></span> <span class='ocrx_word' id='word_1_112' title='bbox 422 1894 701 1940; x_wconf 84' lang='lat' dir='ltr'><strong>multitudine</strong></span> <span class='ocrx_word' id='word_1_113' title='bbox 717 1928 729 1946; x_wconf 91' lang='lat'>‚</span> <span class='ocrx_word' id='word_1_114' title='bbox 776 1908 885 1955; x_wconf 87' lang='lat' dir='ltr'><strong>quae</strong></span> <span class='ocrx_word' id='word_1_115' title='bbox 900 1928 913 1947; x_wconf 91' lang='lat'><strong><em>,</em></strong></span> <span class='ocrx_word' id='word_1_116' title='bbox 954 1894 1106 1955; x_wconf 87' lang='lat' dir='ltr'><strong>opibus</strong></span> <span class='ocrx_word' id='word_1_117' title='bbox 1136 1892 1454 1954; x_wconf 88' lang='lat' dir='ltr'><strong>honoribusque</strong></span> 
     </span>
     <span class='ocr_line' id='line_1_17' title="bbox 162 1996 1454 2053; baseline -0.001 -10"><span class='ocrx_word' id='word_1_118' title='bbox 162 1998 361 2044; x_wconf 88' lang='lat' dir='ltr'><strong>destituta</strong></span> <span class='ocrx_word' id='word_1_119' title='bbox 389 1998 435 2042; x_wconf 91' lang='lat' dir='ltr'><strong>in</strong></span> <span class='ocrx_word' id='word_1_120' title='bbox 476 1998 583 2044; x_wconf 89' lang='lat' dir='ltr'><strong>urbe</strong></span> <span class='ocrx_word' id='word_1_121' title='bbox 615 1996 806 2043; x_wconf 86' lang='lat' dir='ltr'><strong>desidere</strong></span> <span class='ocrx_word' id='word_1_122' title='bbox 836 1996 1025 2053; x_wconf 85' lang='lat' dir='ltr'><strong>solebat3</strong></span> <span class='ocrx_word' id='word_1_123' title='bbox 1078 1996 1189 2042; x_wconf 81' lang='lat' dir='ltr'><strong>bella</strong></span> <span class='ocrx_word' id='word_1_124' title='bbox 1232 2005 1375 2042; x_wconf 85' lang='lat' dir='ltr'><strong>autem</strong></span> <span class='ocrx_word' id='word_1_125' title='bbox 1418 1998 1454 2043; x_wconf 90' lang='lat' dir='ltr'><strong>si</strong></span> 
     </span>
     <span class='ocr_line' id='line_1_18' title="bbox 161 2100 1453 2163; baseline -0.002 -18"><span class='ocrx_word' id='word_1_126' title='bbox 161 2103 244 2163; x_wconf 70' lang='lat' dir='ltr'><strong>qua</strong></span> <span class='ocrx_word' id='word_1_127' title='bbox 288 2101 546 2147; x_wconf 87' lang='lat' dir='ltr'><strong>inferrentur</strong></span> <span class='ocrx_word' id='word_1_128' title='bbox 561 2134 575 2154; x_wconf 83' lang='lat'><em>,</em></span> <span class='ocrx_word' id='word_1_129' title='bbox 625 2101 810 2162; x_wconf 77' lang='lat' dir='ltr'><strong>segniter</strong></span> <span class='ocrx_word' id='word_1_130' title='bbox 855 2101 1082 2162; x_wconf 87' lang='lat' dir='ltr'><strong>animoque</strong></span> <span class='ocrx_word' id='word_1_131' title='bbox 1115 2100 1250 2144; x_wconf 86' lang='lat' dir='ltr'><strong>invito</strong></span> <span class='ocrx_word' id='word_1_132' title='bbox 1277 2100 1453 2160; x_wconf 90' lang='lat' dir='ltr'><strong>propul-</strong></span> 
     </span>
     <span class='ocr_line' id='line_1_19' title="bbox 163 2203 1453 2266; baseline -0.001 -18"><span class='ocrx_word' id='word_1_133' title='bbox 163 2220 253 2249; x_wconf 87' lang='lat' dir='ltr'><strong>sans</strong></span> <span class='ocrx_word' id='word_1_134' title='bbox 272 2239 283 2258; x_wconf 97' lang='lat'>,</span> <span class='ocrx_word' id='word_1_135' title='bbox 331 2220 475 2250; x_wconf 88' lang='lat' dir='ltr'><strong>rerum</strong></span> <span class='ocrx_word' id='word_1_136' title='bbox 511 2204 699 2266; x_wconf 83' lang='lat' dir='ltr'><strong>aliquam</strong></span> <span class='ocrx_word' id='word_1_137' title='bbox 744 2219 950 2250; x_wconf 79' lang='lat' dir='ltr'><strong>novarum</strong></span> <span class='ocrx_word' id='word_1_138' title='bbox 993 2203 1258 2249; x_wconf 84' lang='lat' dir='ltr'><strong>occasionem</strong></span> <span class='ocrx_word' id='word_1_139' title='bbox 1289 2217 1453 2265; x_wconf 86' lang='lat' dir='ltr'><strong>semper</strong></span> 
     </span>
     <span class='ocr_line' id='line_1_20' title="bbox 163 2308 1502 2373; baseline 0.002 -19"><span class='ocrx_word' id='word_1_140' title='bbox 163 2310 534 2370; x_wconf 86' lang='lat' dir='ltr'><strong>circumspiciebat</strong></span> <span class='ocrx_word' id='word_1_141' title='bbox 550 2311 571 2353; x_wconf 66' lang='grc' dir='ltr'><strong>’.Ρ</strong></span> <span class='ocrx_word' id='word_1_142' title='bbox 605 2308 806 2365; x_wconf 84' lang='lat' dir='ltr'><strong>Scilicet,</strong></span> <span class='ocrx_word' id='word_1_143' title='bbox 839 2326 890 2356; x_wconf 83' lang='lat' dir='ltr'><strong>ex</strong></span> <span class='ocrx_word' id='word_1_144' title='bbox 918 2311 1008 2372; x_wconf 70' lang='lat' dir='ltr'><strong>ipsa</strong></span> <span class='ocrx_word' id='word_1_145' title='bbox 1034 2326 1144 2373; x_wconf 88' lang='lat' dir='ltr'><strong>quae</strong></span> <span class='ocrx_word' id='word_1_146' title='bbox 1158 2317 1261 2356; x_wconf 86' lang='lat' dir='ltr'><strong>tunc</strong></span> <span class='ocrx_word' id='word_1_147' title='bbox 1276 2309 1448 2373; x_wconf 87' lang='lat' dir='ltr'><strong>Spartae</strong></span> <span class='ocrx_word' id='word_1_148' title='bbox 1500 2323 1502 2326; x_wconf 80' lang='grc'>’</span> 
     </span>
     <span class='ocr_line' id='line_1_21' title="bbox 162 2414 1447 2468; baseline -0.001 -8"><span class='ocrx_word' id='word_1_149' title='bbox 162 2414 408 2467; x_wconf 89' lang='lat' dir='ltr'><strong>obtinebat,</strong></span> <span class='ocrx_word' id='word_1_150' title='bbox 439 2427 583 2458; x_wconf 91' lang='lat' dir='ltr'><strong>rerum</strong></span> <span class='ocrx_word' id='word_1_151' title='bbox 598 2414 841 2458; x_wconf 84' lang='lat' dir='ltr'><strong>conditione</strong></span> <span class='ocrx_word' id='word_1_152' title='bbox 855 2414 1118 2460; x_wconf 82' lang='lat' dir='ltr'><strong>illustrantur</strong></span> <span class='ocrx_word' id='word_1_153' title='bbox 1146 2415 1286 2460; x_wconf 87' lang='lat' dir='ltr'><strong>omnia</strong></span> <span class='ocrx_word' id='word_1_154' title='bbox 1305 2434 1315 2462; x_wconf 69' lang='grc' dir='ltr'><strong><em>ς</em></strong></span> <span class='ocrx_word' id='word_1_155' title='bbox 1333 2415 1447 2468; x_wconf 77' lang='grc' dir='ltr'><strong><em>ξένοι</em></strong></span> 
     </span>
     <span class='ocr_line' id='line_1_22' title="bbox 159 2499 1447 2578; baseline 0 -14"><span class='ocrx_word' id='word_1_156' title='bbox 159 2523 242 2578; x_wconf 77' lang='grc' dir='ltr'><strong>γὰρ</strong></span> <span class='ocrx_word' id='word_1_157' title='bbox 285 2522 403 2569; x_wconf 75' lang='grc' dir='ltr'><em>ὄντες</em></span> <span class='ocrx_word' id='word_1_158' title='bbox 449 2519 490 2563; x_wconf 78' lang='grc' dir='ltr'><strong>οἵ</strong></span> <span class='ocrx_word' id='word_1_159' title='bbox 534 2517 695 2568; x_wconf 79' lang='grc' dir='ltr'><em>πλειςοὶ</em></span> <span class='ocrx_word' id='word_1_160' title='bbox 742 2520 814 2561; x_wconf 85' lang='grc' dir='ltr'><strong>καὶ</strong></span> <span class='ocrx_word' id='word_1_161' title='bbox 855 2521 933 2573; x_wconf 80' lang='grc' dir='ltr'><strong>τὴν</strong></span> <span class='ocrx_word' id='word_1_162' title='bbox 976 2521 1055 2574; x_wconf 72' lang='grc' dir='ltr'><strong>μὲν</strong></span> <span class='ocrx_word' id='word_1_163' title='bbox 1085 2521 1169 2564; x_wconf 73' lang='lat' dir='ltr'><strong>dud</strong></span> <span class='ocrx_word' id='word_1_164' title='bbox 1199 2524 1285 2574; x_wconf 75' lang='grc' dir='ltr'><strong>τῶν</strong></span> <span class='ocrx_word' id='word_1_165' title='bbox 1307 2499 1447 2578; x_wconf 22' lang='grc' dir='ltr'><strong><em>’χρεῶν</em></strong></span> 
     </span>
    </p>
   </div>
   <div class='ocr_carea' id='block_1_3' title="bbox 158 2621 1445 2682">
    <p class='ocr_par' dir='ltr' id='par_1_3' title="bbox 158 2621 1445 2682">
     <span class='ocr_line' id='line_1_23' title="bbox 158 2621 1445 2682; baseline -0.004 -11"><span class='ocrx_word' id='word_1_166' title='bbox 158 2626 307 2672; x_wconf 79' lang='grc' dir='ltr'><em>ἄδειαν</em></span> <span class='ocrx_word' id='word_1_167' title='bbox 354 2625 519 2682; x_wconf 73' lang='grc' dir='ltr'><em>ἔχοντες</em></span> <span class='ocrx_word' id='word_1_168' title='bbox 562 2622 644 2680; x_wconf 82' lang='grc' dir='ltr'><strong>ἤδῆ</strong></span> <span class='ocrx_word' id='word_1_169' title='bbox 687 2624 758 2668; x_wconf 82' lang='grc' dir='ltr'><strong>καὶ</strong></span> <span class='ocrx_word' id='word_1_170' title='bbox 804 2621 1018 2679; x_wconf 68' lang='grc' dir='ltr'><strong><em>λελυμένοι</em></strong></span> <span class='ocrx_word' id='word_1_171' title='bbox 1063 2626 1159 2676; x_wconf 82' lang='grc' dir='ltr'><strong>τούς</strong></span> <span class='ocrx_word' id='word_1_172' title='bbox 1210 2624 1249 2670; x_wconf 80' lang='grc' dir='ltr'><strong>δ’</strong></span> <span class='ocrx_word' id='word_1_173' title='bbox 1294 2622 1445 2679; x_wconf 70' lang='grc' dir='ltr'><em>ἀγρούς</em></span> 
     </span>
    </p>
   </div>
  </div>
 </body>
</html>
