1630 3217
774 270 830 309 63

160 427 274 459 rores
299 412 549 473 redarguere
575 411 720 471 paucis
743 411 941 455 conabor.
988 410 1165 454 Illorum
1187 407 1442 470 populorum

159 517 403 562 societatem
446 514 543 558 ideo
577 514 644 558 vix
682 513 930 559 credibilem
974 514 1062 568 ait,
1110 514 1223 575 quod
1267 514 1446 561 Achaeis

158 633 323 679 semper
364 617 623 663 infestissimi
659 618 983 664 Lacedaemonii
1020 618 1193 664 fuerint.
1260 619 1314 663 Et
1345 635 1443 664 vero

157 732 333 770 testatur
362 724 561 786 Polybius
596 725 657 770 Π.
698 727 786 771 39.γ
812 724 1008 769 effectum
1043 723 1230 783 aliquem
1255 731 1328 767 aut
1353 738 1445 771 me-

157 833 363 878 morabile
404 833 541 878 ullum
576 833 738 880 facinus
785 832 837 877 ad
883 848 950 878 res
993 848 1084 877 suas
1129 831 1445 893 amplificandas

158 937 349 983 Achaeos
385 936 511 982 edere
549 937 700 997 primis
729 935 990 996 temporibus
1028 933 1143 978 haud
1167 934 1353 995 potuisse
1384 937 1447 993 τῷ

153 1044 209 1098 μὴ
241 1041 452 1098 δύνασθαι
479 1043 610 1096 φῦναι
644 1044 857 1098 προςάτην
885 1039 1009 1091 ἄξιον
1036 1042 1110 1094 τῆς
1140 1037 1415 1095 προαιρέσεως
1429 1069 1443 1090 ,

153 1145 219 1188 ἀεὶ
247 1144 293 1190 δὲ
324 1145 400 1189 τὸν
426 1142 712 1194 ὖποδείξαντα
751 1144 853 1185 ποτὲ
897 1144 978 1197 μὲν.
1012 1142 1096 1185 ὑπὸ
1123 1144 1198 1197 τῆς
1224 1131 1442 1199 Λακεδὰι-

152 1248 311 1302 μονίων
341 1249 469 1305 ἀρχῆς
498 1250 807 1296 ἐπισκοτεῖςθαι
833 1247 907 1289 καὶ
942 1245 1178 1291 κωλύεσθαι
1207 1246 1309 1289 ποτὲ
1336 1243 1405 1305 rlq
1427 1260 1438 1297 ;

158 1323 297 1411 neque
324 1350 516 1395 animum
543 1349 667 1394 illum
689 1349 886 1396 hostilem
904 1385 915 1405 ‚
950 1349 1150 1411 gliscente
1176 1349 1443 1396 Achaeorum

154 1453 344 1512 potentia
361 1487 374 1505 ,
411 1453 588 1497 lenitum
615 1454 708 1514 quis
734 1454 904 1507 credat,
937 1457 1011 1515 qui
1041 1457 1284 1516 cognoverit
1313 1471 1441 1516 quam

157 1555 309 1599 acriter
323 1569 422 1600 cum
438 1555 592 1600 iisdem
607 1555 721 1600 bello
746 1553 1016 1601 Cleomenico
1042 1556 1322 1602 conflixerint.
1356 1556 1442 1601 Ve-

159 1667 396 1704 rumtamen
431 1658 541 1703 nihil
577 1659 743 1704 obstare
770 1659 962 1712 videtur,
991 1660 1243 1719 quominus,
1269 1658 1445 1719 proprio

159 1763 374 1823 flagitante
400 1762 624 1811 commodo
636 1757 651 1810 .’
681 1762 876 1809 simulata
895 1764 1119 1818 amicitia,
1161 1764 1443 1810 inveteratum

160 1865 303 1909 odium
320 1865 372 1908 ad
389 1873 556 1925 tempus
572 1867 854 1911 concoxerim.
891 1867 1060 1912 Similia
1077 1877 1191 1914 certe
1209 1869 1254 1913 in
1269 1867 1444 1913 historia

160 1969 349 2030 gentium
376 1977 602 2013 occurrunt
634 1969 840 2031 exempla.
905 1969 1074 2014 Aetolos
1099 1978 1241 2014 autem
1270 1970 1442 2016 hostili-

162 2073 256 2116 bus.
279 2072 439 2131 saepius
470 2058 778 2118 incursionibus
797 2072 1060 2141 'Laconicam
1091 2076 1218 2120 ctiam
1242 2060 1412 2137 petiisse
1427 2112 1440 2132 ‚

162 2176 220 2218 ita
250 2185 299 2221 ut
324 2175 607 2237 maximopere
639 2177 719 2221 sibi
746 2177 871 2238 hujus
900 2180 1082 2240 regionis
1125 2181 1289 2226 incolae
1315 2198 1340 2225 a
1365 2197 1444 2242 po-

161 2277 261 2337 pulo
286 2280 493 2326 timerent-
517 2290 603 2326 tam
613 2304 618 2309 ⁶
636 2280 816 2327 barbaro
830 2317 841 2336 ,
892 2282 976 2326 duo
1015 2282 1213 2343 inprimis
1242 2293 1445 2330 testantur

160 2379 203 2423 in
232 2382 317 2426 vita
352 2360 588 2431 Cleomenis
616 2386 724 2433 loca.
772 2386 877 2449 Cap.
906 2388 1096 2434 XV1110.
1136 2390 1208 2453 itav
1228 2389 1282 2435 de
1310 2390 1443 2452 Spar-

161 2486 267 2530 tanis
316 2487 566 2535 Plutarchus
612 2494 835 2552 loq'uitur:
889 2495 995 2538 οὕτω
1025 2497 1102 2551 γὰρ
1138 2496 1368 2553 ’ἔπραττον
1395 2501 1441 2541 τὸ

161 2595 258 2649 πρὶν
304 2597 481 2638 ταπεινὰ
525 2597 595 2636 καὶ
639 2598 815 2653 βοηθεῖν
861 2601 1002 2649 αὐτοῖς
1042 2600 1258 2650 ἀδυνάτως
1299 2597 1408 2656 εἶχον
1426 2634 1437 2653 ,
