1630 3217
779 265 858 307 171

183 405 491 466 qu0d‚Aetolis
520 407 563 449 in
592 404 728 450 med-ia
754 405 1039 465 Peloponneso
1052 418 1149 447 cum
1164 403 1342 446 maxime
1368 418 1469 447 con-

132 500 143 504 *
181 511 333 556 stitutis
353 545 366 567 ,
399 510 586 557 Achaeos
612 506 850 561 dimisisset,
875 506 1118 565 praesertim
1144 504 1221 566 qui
1250 513 1368 549 antea
1377 507 1474 566 jam

182 615 462 679 cognovisset,
496 614 679 674 Scopam
721 620 765 657 et
791 612 1091 658 Dorimachum
1110 647 1124 668 ,
1145 613 1358 674 principes
1380 614 1465 659 Ae-

182 719 364 764 tolorum
392 719 437 763 in
468 734 518 765 eo
550 733 657 771 esse,
691 726 738 763 ut
773 728 1036 783 praesentem
1063 719 1281 764 turbarent
1312 727 1470 765 statum

182 826 424 886 bellumque
465 833 695 870 moverent.
761 824 950 871 Tertium
990 825 1072 868 fuit
1097 858 1110 877 ,
1151 823 1265 885 quod
1308 823 1465 868 milites

179 929 284 974 adeo
334 943 492 990 paucos
538 927 697 974 habens
722 962 734 982 ,
783 943 879 973 cum
918 926 1109 972 hostibus
1158 928 1412 973 conflixisset
1442 961 1454 981 ,

177 1047 308 1093 quum
324 1066 336 1086 ,
363 1033 451 1077 sine
482 1031 568 1077 ullo
595 1031 864 1085 discrimine,
890 1031 943 1076 ad
967 1032 1175 1092 proximas
1205 1033 1332 1077 urbes
1375 1047 1460 1077 sese

176 1139 362 1198 recipere
377 1127 725 1199 Achaeorum'que
740 1138 880 1198 copias
896 1152 1043 1198 cogere
1058 1172 1070 1191 ‚
1089 1146 1132 1182 et
1146 1146 1240 1183 tum
1263 1138 1433 1182 demum
1445 1171 1458 1192 ,

175 1241 209 1283 si
237 1241 408 1286 omnino
436 1240 632 1301 expedire
654 1239 881 1286 censuisset
899 1274 911 1294 ,
944 1256 1117 1285 manum
1143 1256 1241 1287 cum
1263 1240 1455 1302 hostibus

175 1357 390 1389 conserere
419 1344 639 1404 potuisset.
666 1344 929 1389 Postremum
947 1353 989 1389 et
1012 1346 1243 1390 maximum
1269 1346 1460 1389 omnium

172 1446 276 1490 illud
302 1454 393 1489 erat
409 1479 422 1499 ,
447 1447 560 1505 quod
578 1480 591 1499 ,
623 1448 699 1490 ubi
722 1449 849 1491 semel
877 1462 1066 1509 pugnare
1093 1449 1364 1502 decrevisset,
1399 1448 1457 1490 ita

172 1557 329 1592 temere
354 1563 402 1592 ac
424 1548 542 1591 nullo
567 1548 743 1593 consilio
768 1549 916 1609 egisset
941 1550 1083 1593 omnia
1098 1583 1109 1602 ‚
1144 1556 1220 1602 ut,
1254 1549 1342 1592 sine
1360 1563 1455 1609 gra-

170 1649 211 1692 vi
254 1657 465 1694 armatura
483 1685 493 1703 ,
543 1651 661 1709 cujus
698 1651 926 1711 praecipua
963 1650 1106 1695 futura
1145 1660 1234 1695 erat
1266 1651 1427 1697 utilitas
1444 1684 1461 1704 ,.

170 1769 244 1813 per
270 1753 415 1800 velites
444 1755 688 1809 dumtaxat,
712 1754 758 1797 in
782 1752 993 1798 radicibus
1020 1753 1229 1798 montium
1245 1787 1256 1806 ,
1272 1767 1456 1813 pugnam

167 1873 263 1903 cum
302 1856 460 1902 Aetolis
503 1858 803 1909 conseruisset,
851 1857 1006 1917 quibus
1027 1856 1137 1900 nihil
1175 1856 1323 1900 utilius
1369 1872 1452 1899 ne-

170 1976 252 2022 que
278 1959 510 2020 exoptatius
534 1959 723 2005 accidere
747 1960 947 2020 potuerit.
1011 1959 1128 2005 Haec
1144 1959 1239 2004 ideo
1254 1959 1452 2020 equidem

167 2064 350 2110 notanda
384 2064 616 2110 existimavi
643 2064 883 2125 diligentius
902 2096 915 2117 ‚
941 2079 1025 2125 quo
1044 2099 1055 2118 ‚
1105 2064 1150 2107 in
1186 2062 1311 2123 hujus
1339 2073 1453 2109 certe

164 2172 243 2215 viri
286 2171 505 2233 exemplo,
552 2170 777 2230 insigniore
812 2177 974 2229 pateret
1001 2168 1273 2244 testimonio:
1311 2168 1449 2210 semel

158 2283 304 2335 parta
343 2275 640 2321 benevolentia
683 2288 817 2335 quam
831 2274 995 2333 fidelis
1014 2306 1026 2327 ,
1059 2281 1108 2316 ut
1140 2270 1290 2316 Cicero
1319 2272 1452 2332 scrip-

164 2380 244 2432 sit,
307 2382 378 2422 vel
435 2380 520 2425 ad'
529 2382 882 2443 perpetuitatem
926 2383 1071 2423 custos
1112 2379 1343 2422 exstiterit
1395 2377 1446 2433 ¹).

208 2577 237 2611 1)
285 2579 337 2616 De
365 2581 435 2618 Off.
463 2581 513 2617 11.
541 2584 576 2620 7.
