1630 3217
817 288 867 328 41

209 409 324 476 illam
352 429 519 492 optimis
546 430 756 475 suffultam
791 424 951 490 iegibus
978 440 1020 475 et
1053 427 1277 476 concordia
1312 434 1491 493 conglu-

205 538 379 582 tinatam
405 535 715 597 rempublicam
757 535 1010 579 labefactare
1034 543 1075 578 et
1106 535 1274 579 diruere
1305 536 1491 580 niteren-

205 650 287 683 tur.
354 641 512 684 Gladiis
542 638 733 697 undique
774 639 995 698 petebatur
1034 641 1186 682 Aratus
1229 654 1331 697 quos
1362 647 1404 682 et
1428 640 1489 683 vis

202 751 344 802 aperta
390 752 433 787 et
474 757 571 786 vero
612 744 725 788 fraus
777 749 947 788 acuerat
987 742 1144 787 dolosa.
1221 743 1371 801 Itaque
1416 753 1487 787 aut

202 845 436 890 vaJedicere
463 845 674 891 debuisset
689 847 855 908 egregio
871 862 944 891 suo
960 846 1068 890 vitae
1084 845 1275 890 instituto
1293 880 1305 899 ,
1338 855 1409 889 aut
1433 846 1486 888 ad

200 951 466 1009 propositum
510 950 819 1012 exsequendum
838 984 849 1003 ,
883 949 1043 994 summa
1075 948 1282 993 utendum
1304 947 1486 993 sollertia

197 1062 284 1097 crat
326 1063 367 1098 et
411 1070 507 1098 cum
534 1054 704 1098 Brasidfi
733 1053 845 1113 apud
873 1051 1170 1108 Thucydidem
1216 1049 1389 1093 omnino
1427 1050 1483 1093 sic

197 1151 492 1204 sentiendum:
528 1160 583 1199 τὰ
612 1157 830 1209 κλέμματα
860 1159 994 1198 ταῦτα
1009 1155 1213 1208 καλλίςην
1229 1154 1356 1203 δόξαν
1373 1156 1482 1210 ἔχειν

197 1262 224 1300 ἃ
269 1261 345 1301 τὸν
386 1258 588 1312 πολέμιον
619 1257 758 1310 μάλις’
790 1258 846 1301 ἂν
876 1272 938 1305 τις
970 1257 1186 1310 ἀπατήσας
1215 1258 1310 1306 τούς
1341 1256 1486 1311 φίλους

194 1360 328 1415 μέγις’
369 1363 425 1405 ἄν
468 1360 715 1424 ὠφελήσειεν
752 1356 807 1405 ¹).
871 1359 956 1405 Sed
981 1360 1189 1421 reliquam
1219 1361 1338 1406 Arati
1364 1361 1485 1406 indo-

191 1460 279 1505 lem
305 1467 619 1523 persequamur.

260 1565 362 1608 Erat
389 1565 434 1607 in
463 1562 594 1608 hoece
616 1563 705 1608 viro
732 1565 931 1609 comita-te
956 1566 1108 1627 insigni
1145 1567 1314 1612 condita
1337 1568 1480 1627 gravi-

193 1675 252 1710 tas
274 1700 284 1719 ‚
320 1674 437 1709 erant
461 1666 601 1710 omnia
619 1700 630 1718 ,
663 1666 816 1727 quibus
835 1701 845 1719 ,
879 1676 927 1712 ut
954 1670 1163 1729 praecipit
1195 1670 1344 1715 Cicero
1363 1705 1375 1724 ‚
1408 1686 1479 1714 ve-

192 1768 408 1814 hementer
451 1771 610 1814 moveri
656 1786 771 1814 amor
814 1770 1097 1816 multitudinis
1134 1770 1259 1817 solet:
1295 1772 1406 1818 fama
1438 1782 1480 1818 et

191 1871 333 1929 opinio
389 1871 651 1915 liberalitatis
670 1903 684 1924 ‚
738 1874 1072 1939 beneficentiae,
1111 1855 1325 1935 jamniae,
1376 1878 1475 1921 fidei

193 1975 465 2035 omniumque
488 1989 633 2018 earum
664 1975 867 2020 virtutum
893 1991 1001 2036 quae
1025 1978 1241 2036 pertinent
1265 1978 1318 2021 ad
1344 1993 1471 2021 man-

239 2149 271 2185 1)
321 2138 480 2186 Thucyd.
507 2139 551 2174 V.
580 2142 615 2175 9.
642 2161 688 2167 -
711 2141 878 2188 Apprime
898 2143 935 2178 in
953 2144 1098 2179 Aratum
1125 2145 1299 2190 quadrant
1323 2145 1472 2182 Pindari

190 2206 294 2241 verba
308 2230 316 2246 ‚

236 2273 343 2321 Pyth.
369 2275 420 2311 Π.
446 2287 502 2311 vs.
529 2276 590 2312 84.

279 2343 370 2378 ποτὶ
393 2343 430 2378 δ’
450 2345 591 2392 ἐχθρὸν
610 2344 668 2379 ἅτ’
686 2349 824 2394 ἐχθρὸς
836 2348 900 2382 ἐὼν
912 2349 1034 2384 λύκοιο
1059 2352 1170 2386 δίκαν
1191 2352 1469 2395 ὑποθεύσομαι,

278 2410 359 2445 ἄλλ’
386 2412 520 2449 ἄλλοτε
544 2417 691 2450 πατέων
717 2416 819 2456 ὁδοῖς
840 2419 1012 2458 σκολιαῖς.

234 2478 290 2514 Cf.
313 2480 441 2517 Isthm.
467 2484 537 2519 111.
562 2497 614 2520 vs.
640 2488 702 2521 65.

279 2554 386 2594 μῆτιν
400 2549 438 2584 ‹5'
449 2553 615 2598 ἀλώπηξ,
640 2558 771 2591 αἰετοῦ
785 2559 828 2599 ἅ,
851 2556 885 2591 τ’
899 2558 1179 2599 ἀναπιτναμένα
1201 2559 1339 2603 ῥόμβον
1350 2560 1461 2605 ἴσχεν

279 2621 348 2663 χρὴ
384 2618 425 2652 δὲ
460 2622 532 2652 πᾶν
551 2619 711 2665 ἔρδοντα
731 2625 921 2670 μαυρῶσαι
945 2628 1008 2659 τὸν
1035 2627 1189 2671 ἐχθρόν.
