1630 3217
783 306 835 349 61

234 455 307 508 Hir
332 454 461 516 igitur
499 450 653 495 assidui
690 450 890 494 Graeciae
921 433 1151 509 praedones
1168 482 1179 501 ,
1231 460 1362 508 quum
1404 465 1452 493 eo

104 551 111 556 ’
165 562 256 621 jam
293 557 497 621 progressi
543 563 677 601 essent
703 554 942 617 iniquitatis
983 562 1111 615 atque
1139 552 1336 599 audaciae
1351 588 1362 608 ,
1410 561 1457 598 ut

176 679 274 710 cum
339 663 552 724 Antigono
605 660 786 720 {Gonata
843 658 897 703 de
953 656 1186 720 partiendis
1242 657 1349 702 inter
1413 673 1457 703 se

174 764 442 811 Achaeorum
476 763 717 810 civitatibus
758 762 999 825 pactionem
1042 763 1230 808 iniissent
1268 766 1305 824 ι)
1325 797 1336 819 ,
1384 764 1457 807 in-

176 844 412 917 cursionem
452 871 499 915 in
535 870 869 932 Peloponnesum
916 885 993 931 per
1038 868 1296 931 Megaridem
1323 878 1460 914 tenta-

176 975 278 1020 bant
293 1008 307 1029 ,
340 989 521 1036 quorum
547 982 596 1020 ut
622 975 864 1021 retunderet
892 974 1104 1036 impetum
1128 976 1305 1031 Aratus,
1332 989 1460 1036 quar-

177 1088 269 1127 tum
294 1081 465 1126 Praetor
500 1084 540 1140 ²)
558 1115 570 1136 ,
604 1080 773 1142 collegit
796 1080 1029 1125 exercitum
1058 1088 1101 1125 et
1130 1095 1155 1124 a
1178 1077 1459 1124 Lacedaemo-

146 1195 149 1198 ·
176 1182 258 1226 niis
276 1215 289 1237 ,
335 1181 602 1231 Achaeorum
626 1196 678 1225 eo
704 1190 897 1243 tempore
938 1165 1059 1229 sociis
1078 1217 1091 1238 ,
1141 1183 1351 1235 auxilium'
1368 1185 1461 1229 im-

178 1284 376 1345 petravit.
440 1283 549 1328 Cum
572 1283 626 1326 ad
664 1282 919 1328 Corinthum
944 1287 1235 1331 convenissent
1261 1295 1304 1331 et
1337 1287 1436 1347 Agis
1449 1321 1461 1341 ,

178 1402 250 1432 rex
280 1386 582 1448 Spartanorum
602 1421 614 1440 ,
663 1402 825 1438 summo
861 1389 1101 1448 juventutis
1144 1389 1321 1446 ardore,
1366 1406 1460 1436 cum

178 1492 364 1547 Aetolis,
411 1500 637 1552 antequam
665 1491 1001 1552 Peloponnesum
1040 1492 1313 1547 invaderent,
1345 1509 1461 1554 pug-

178 1594 366 1639 nandum
403 1603 624 1640 censeret:
676 1594 827 1643 Aratus
851 1627 865 1649 ,
921 1595 1037 1657 quod
1079 1596 1218 1657 primo
1258 1596 1462 1659 adspectu

180 1697 343 1742 mireris
362 1730 375 1751 ‚
404 1696 580 1742 obstitit.
628 1694 807 1748 Causam
837 1711 938 1740 vero
966 1697 1011 1740 in
1038 1698 1350 1746 commentariis
1377 1699 1465 1760 ipse

179 1802 263 1846 suis
289 1803 349 1847 sic
377 1801 554 1847 retulit:
591 1798 822 1845 consultius
853 1800 1014 1861 quippe
1042 1801 1179 1846 visum
1201 1802 1299 1860 „sibi
1343 1802 1468 1847 fuisse

178 1902 401 1947 transitum
441 1901 896 1948 hostibus-concedere
911 1932 925 1959 ,
979 1905 1173 1966 frugibus
1192 1908 1291 1967 ‘jam
1333 1924 1469 1969 prope

181 2006 376 2051 omnibus
403 2020 452 2049 ex
477 2003 583 2065 agris
620 2004 860 2065 perceptu,
908 2020 1036 2066 quam
1076 2022 1282 2054 summam
1324 2025 1469 2055 rerum

183 2221 275 2255 roles
298 2222 333 2254 et
354 2219 396 2256 de
429 2218 524 2253 leurs
557 2227 733 2259 semem,-
769 2218 892 2264 enfin.
923 2218 1072 2263 faisant
1110 2218 1150 2252 la
1189 2228 1320 2263 quer-re
1344 2230 1408 2254 sur
1432 2220 1472 2254 la

184 2295 279 2325 ferre
301 2299 426 2324 comme
449 2286 498 2322 les
517 2270 658 2334 pirates
680 2286 720 2322 la
737 2287 825 2332 font
847 2297 912 2320 sur
933 2297 1022 2322 mer.
1074 2284 1354 2340 Heerenffdek'n
1380 2287 1472 2323 ΙΙΙ.

184 2360 220 2396 1.
245 2360 340 2395 Sect.
365 2361 400 2396 1.
424 2358 574 2394 Aetoler
594 2357 670 2392 und
694 2357 921 2392 Akamaner
953 2356 1086 2390 bliebm
1121 2355 1317 2390 Barbaren
1342 2357 1399 2391 als
1418 2358 1473 2392 die

186 2429 423 2463 Athenienser
443 2429 498 2464 die
521 2428 658 2463 Lehrer
681 2428 745 2462 der*
765 2426 959 2461 Nachwelt
983 2425 1147 2461 wurden.
1246 2424 1248 2427 ⁴

234 2500 266 2540 1)
314 2495 372 2532 Sic
397 2497 491 2532 enim
514 2495 608 2533 hunc
626 2494 743 2533 locum
766 2494 1073 2542 interpretandum
1093 2506 1169 2531 esse
1192 2506 1270 2531 cnm
1295 2494 1469 2542 Schweig-

185 2550 336 2601 haustro
360 2574 499 2600 censeo.
523 2563 639 2602 Aliter
664 2563 906 2602 Casaubonus.
938 2563 986 2601 V.
1009 2562 1137 2612 Polyb.
1157 2564 1202 2602 ‚11
1241 2565 1302 2603 43.
1326 2565 1387 2602 lx.
1411 2566 1472 2601 34.

234 2639 268 2674 2)
316 2631 449 2679 Sequor
474 2634 780 2679 computationem
806 2635 954 2682 Baycri.
