1630 3217
784 297 842 339 60

750 510 871 520 ——-

225 648 289 693 De
313 623 499 703 Aetoiis,
533 662 716 711 quorum
743 665 869 712 supra
892 651 1130 697 barbariem
1158 652 1279 713 attigi
1295 687 1308 707 ‚
1343 668 1454 715 quo-

164 752 278 797 niam
309 752 360 797 iis
390 752 684 814 oppugnandis
708 752 831 799 Arati
859 770 1031 817 quoque
1062 756 1195 801 virtus
1228 755 1424 802 inclaruit
1442 769 1458 811 ,’

165 857 402 903 accuratius
424 857 516 916 jam
543 859 750 918 agendum
782 857 878 904 erin
949 859 1002 903 In
1043 858 1170 919 hujus
1198 860 1348 921 populi
1375 860 1457 904 im-

166 960 369 1006 manitate
394 959 531 1004 verbis
566 959 862 1021 exaequanda,
908 933 976 1005 rix
1002 961 1084 1006 sibi
1124 964 1363 1008 satisfacere
1388 963 1457 1007 vi-

166 1062 323 1109 dentur
348 1072 551 1110 auctores,
616 1064 668 1109 In
695 1061 955 1109 Graecorum
981 1064 1162 1111 concilio
1178 1099 1191 1119 ‚
1226 1063 1460 1112 seeundum

168 1166 362 1221 Livium,
383 1165 554 1211 Praetor
570 1165 839 1212 Achaeorum
858 1199 870 1220 ,
894 1166 1207 1223 Aristaenetus,
1229 1167 1283 1213 de
1299 1167 1458 1213 Aetolis

170 1268 298 1314 dixit:
328 1267 515 1330 linguam
534 1277 702 1314 tantum
720 1269 979 1314 Graecorum
1008 1270 1167 1316 habent
1185 1304 1198 1324 ,
1230 1271 1339 1315 sicut
1364 1286 1459 1333 spe-

169 1373 282 1417 ciem
322 1367 561 1420 hominum.
632 1372 822 1419 Moribus
866 1373 1104 1434 ritibusque
1157 1374 1461 1418 efferatioribus

170 1492 300 1539 quam
353 1476 431 1521 ulli
493 1476 692 1530 barbari,
742 1475 950 1521 immanes
990 1472 1157 1519 belluae
1202 1474 1349 1519 vivunt
1405 1477 1456 1529 ¹).

170 1578 378 1641 Tempore
407 1579 511 1626 belli
537 1579 915 1642 Peloponnesiaci,
960 1588 1133 1625 auctore
1176 1576 1425 1637 Thucydide
1446 1613 1458 1631 ‚

171 1683 399 1729 maximam
426 1692 596 1744 partem
632 1682 849 1740 ὠμοφάγοι
889 1690 1009 1726 erant
1045 1676 1102 1729 ²).
1165 1680 1428 1726 Latrocinari
1448 1713 1461 1734 ,

175 1783 427 1830 Ciceronem
444 1784 481 1827 si
495 1783 639 1829 audias
655 1818 669 1840 ‚
699 1784 923 1829 honestum
939 1785 1145 1845 putabant
1166 1779 1227 1832 3).’
1258 1783 1464 1829 Omnium

173 1901 274 1934 vero
318 1879 501 1935 maxime
539 1888 739 1947 Polybius
757 1922 770 1943 ,
813 1888 961 1950 quavis
1013 1887 1363 1950 opportunitate,
1417 1888 1463 1931 in

170 2012 307 2041 mores
346 1995 473 2056 hujus
516 1994 653 2057 gentis
694 2004 856 2041 atroces
900 1994 1114 2040 invehitur
1131 2029 1143 2050 ,
1203 1995 1324 2055 cujus
1372 1993 1463 2037 loca

171 2100 332 2162 singula
363 2099 561 2162 persequi
587 2098 760 2161 longum
788 2109 850 2144 est
888 2102 942 2150 ⁴).

222 2263 255 2303 ¹)
303 2265 426 2300 Livius
452 2266 480 2301 l.
502 2266 693 2300 XXXIV.
718 2278 747 2301 c.
773 2237 832 2301 24.

220 2336 255 2373 2)
304 2330 466 2378 Thucyd.
487 2331 560 2367 111.
583 2334 647 2370 94.

221 2414 255 2448 3,
304 2402 361 2435 De
386 2401 543 2446 Republ.
567 2400 661 2436 111.
687 2403 727 2437 6.

219 2467 253 2503 ⁴)
303 2470 384 2518 Inp.
419 2469 470 2507 11.
494 2471 532 2507 3.
556 2469 622 2508 IV*
650 2470 711 2507 67.
737 2470 797 2506 79.
821 2471 870 2507 cf.
896 2471 1005 2512 etiam
1030 2470 1280 2519 Montesquieu
1296 2497 1306 2513 ‚
1336 2473 1402 2510 Gr.
1428 2478 1464 2509 et

169 2540 258 2577 De'c.
283 2540 342 2576 des
370 2540 478 2576 Rom.
512 2541 564 2577 ch.
593 2541 639 2579 V.
662 2541 732 2577 Les
754 2542 920 2577 Etoliem
944 2542 1329 2592 e'toientbelliqueux,
1369 2546 1459 2581 har-

172 2614 244 2655 dis,
273 2611 502 2654 teme'rairm
530 2614 652 2650 avida
675 2614 716 2649 de
737 2614 846 2658 quin,
874 2616 1051 2661 *iouJ’ours
1075 2615 1180 2651 libres
1203 2617 1245 2650 de
1271 2616 1368 2651 lours
1388 2626 1461 2659 pa-
