1630 3217
781 267 866 310 168

179 425 261 472 que
292 410 415 456 simul
443 424 558 454 suam
593 409 841 453 confirmare
870 409 1082 463 studeret,
1101 413 1213 472 quod
1230 412 1371 457 multis
1385 427 1460 456 ex-

182 511 331 570 emplis
364 527 413 556 ex
458 512 587 556 bellov
614 512 805 557 Aetolico
829 530 861 558 S.
896 515 1055 568 sociali,
1084 530 1181 560 mox
1208 518 1427 578 ingruente
1448 551 1458 570 ,

178 618 370 675 patebit,
405 619 458 661 de
490 634 574 678 quo
603 634 716 663 nunc
743 619 924 663 breviter
950 619 1193 664 dicendum.

240 722 381 766 Aetoli
405 722 607 767 nimirum
623 758 635 777 ,
667 731 834 767 mortuo
852 722 1062 782 Antigono
1082 756 1095 775 ‚
1126 730 1244 766 metu
1256 722 1459 785 Macedo-

176 844 279 872 num
303 829 498 882 liberati‚
531 838 597 881 et,
630 843 706 888 pro
735 843 807 872 sua
833 826 1064 887 rapacitate
1081 862 1093 881 ,
1123 842 1270 888 pacem
1280 828 1371 887 jam
1388 825 1462 870 diu

174 931 323 991 iniquo
353 932 492 974 animo
516 931 697 976 ferentes
713 967 723 985 ,
740 932 911 976 vixdum
919 939 1112 992 pacatam
1128 931 1459 991 Peloponnesum

154 1012 158 1016 Ι
173 1035 382 1079 continuis
411 1035 551 1080 denuo
567 1035 875 1080 incursionibus
891 1035 1088 1080 infestare
1104 1043 1328 1095 coeperant
1342 1050 1460 1079 eam-

174 1154 255 1199 que
282 1153 333 1182 eo
347 1139 638 1198 ,impunitiore
653 1138 949 1183 devastandam
963 1138 1043 1183 sihi
1063 1137 1235 1183 licentia
1250 1138 1460 1200 diripien-

179 1243 360 1301 damque
390 1251 695 1303 proposuerant
715 1276 726 1295 ‚
749 1258 833 1303 quo
844 1243 982 1303 magis
992 1250 1034 1286 et
1049 1241 1240 1303 Philippi
1256 1243 1322 1287 vix
1343 1243 1463 1287 adul-

175 1353 262 1388 tam
292 1353 473 1388 aetatem
506 1345 826 1404 (septemdecim
853 1359 982 1388 annos
996 1354 1115 1388 natus
1129 1360 1306 1404 regnum
1323 1346 1463 1405 auspi-

176 1455 290 1491 catus
310 1447 415 1506 erat)
434 1454 475 1489 et
491 1445 757 1490 Achaeorum
775 1447 983 1506 ignaviam
1000 1446 1217 1507 despectui
1232 1448 1462 1493 habebant.

175 1550 331 1595 Omnes
369 1552 529 1611 quippe
587 1550 880 1609 Peloponnesii
911 1583 922 1602 ,
971 1558 1017 1593 ut
1059 1565 1246 1609 expresse
1290 1551 1462 1595 tradidit

184 1654 382 1711 Polybius
430 1651 500 1707 ¹),
547 1671 570 1697 a
614 1669 697 1713 quo
743 1663 931 1712 tempore
974 1669 1101 1712 regno
1133 1654 1463 1698 Lacedaemoni-

175 1771 295 1800 orum
342 1754 587 1799 Cleomenes
626 1755 812 1808 excidit,
852 1755 1008 1815 partim
1053 1756 1338 1815 superioribus
1368 1757 1460 1801 fessi

637 1829 644 1844 f

177 1858 298 1904 bellis
317 1893 328 1912 ‚
361 1860 516 1919 partim
539 1858 789 1904 duraturum
820 1868 1086 1921 praesentem
1118 1870 1272 1906 statum
1285 1863 1431 1907 confisi
1452 1898 1462 1916 ‚

173 1981 316 2010 rerum
359 1965 607 2009 militarium
653 1979 774 2008 usum
814 1964 1001 2024 bellique
1046 1963 1312 2023 disciplinam
1342 1967 1467 2023 plane

178 2072 459 2130 neglexerant.
523 2069 637 2112 Hinc
675 2068 803 2127 igitur
832 2067 971 2111 Aetoli
999 2067 1166 2110 altiores
1193 2067 1362 2126 spiritus
1390 2082 1465 2110 su·-

180 2181 339 2218 mentes
358 2207 370 2226 ,
419 2171 683 2216 exscensione
725 2169 769 2213 in
798 2169 1133 2229 Peloponnesum
1163 2170 1301 2223 facta,
1336 2170 1464 2229 ipsius

179 2275 366 2322 Achaiae
397 2267 614 2321 nonnullas
641 2276 828 2337 regiones
840 2275 1130 2337 populabundi
1147 2274 1365 2329 invadunt,
1382 2290 1464 2320 ne-

181 2400 262 2445 que
285 2383 498 2427 amicitiae
524 2383 652 2426 ullam
685 2390 726 2424 et
754 2381 962 2425 societatis
979 2415 991 2434 ,
1027 2395 1133 2440 quae
1163 2395 1185 2422 a
1215 2379 1338 2440 longo
1364 2378 1461 2422 inde

180 2497 368 2550 tempore
400 2490 498 2548 ipsis
525 2504 621 2531 cum
652 2486 867 2531 Messeniis
915 2486 1225 2538 intercesserat,
1259 2484 1463 2529 rationem

226 2620 256 2656 1)
304 2611 369 2653 IV,
397 2611 431 2645 7.
457 2610 503 2646 cf.
529 2610 573 2646 V.
600 2610 659 2644 Ar.
687 2622 717 2644 c.
743 2607 885 2643 XLVII.
