1630 3217
770 308 825 349 52

151 441 269 493 haud
300 450 359 493 ita
384 448 552 509 pridem
572 464 784 493 armorum
814 449 953 510 gloria
979 449 1081 494 clari
1109 438 1256 494 indies
1269 450 1449 495 mirifice

154 559 318 595 auctam
341 560 596 612 potestatem
623 554 852 615 stupebant
887 570 1033 601 omnes
1049 590 1062 611 ,
1079 553 1324 606 metuebant
1336 555 1449 600 mul-

150 652 215 707 ti,
243 653 474 714 pernitiem
502 654 544 699 ei
564 656 759 701 nonnulli
786 655 1108 704 minitabantur.
1142 656 1211 702 Ab
1234 655 1315 702 hac
1328 665 1448 719 parte

152 754 316 811 Aetoli,
349 756 405 802 de
433 756 592 820 quibus
605 758 774 805 dubites
789 757 1039 805 hominesne
1054 759 1147 805 iHos
1163 774 1215 804 an
1230 774 1329 804 vero
1341 759 1446 805 feras

154 876 276 908 voces
294 897 307 918 ,
339 862 629 925 Peloponneso
652 864 783 909 veluti
813 864 994 925 praedae
1009 864 1220 911 inhiantes
1239 868 1308 920 ¹),
1322 864 1375 910 ab
1387 863 1449 909 al-

155 967 262 1021 tera,
293 964 544 1028 Antigonus,
568 966 623 1011 ob
644 974 896 1029 occupatam
907 969 1266 1015 Acrocorinthum
1288 984 1449 1015 saevam

154 1068 385 1114 vindictam
413 1069 573 1131 spirans
610 1073 677 1125 2);
713 1068 816 1114 hinc
840 1069 1168 1115 Lacedaemonii
1186 1104 1198 1124 ‚
1227 1070 1450 1131 splenden-

154 1181 242 1217 tem
272 1171 538 1218 Achaeorum
567 1173 745 1233 gloriam
772 1172 985 1217 infuscare
1010 1171 1215 1218 invidiose
1240 1173 1422 1217 nitentes
1436 1206 1448 1226 ‚

157 1276 277 1320 illinc
297 1286 506 1339 quotquot
530 1287 651 1322 erant
671 1278 718 1322 in
742 1277 1029 1338 Peloponneso
1051 1278 1250 1336 tyranni„
1283 1293 1451 1321 suarum

156 1382 379 1428 civitatum
405 1384 528 1428 ruina
553 1393 681 1445 atque
708 1383 939 1445 opprobrio
954 1389 1147 1443 potentes
1163 1415 1176 1436 ‚
1192 1396 1340 1442 regum
1353 1382 1452 1427 Ma-

154 1483 365 1529 cedonum
388 1485 639 1529 mercenarii
669 1485 859 1530 vilissimi
882 1492 925 1530 et
938 1492 1143 1545 tanquam
1156 1483 1449 1528 instrumenta.

153 1588 219 1634 Ne
270 1589 364 1634 illos
417 1604 652 1634 memorem
709 1588 785 1649 qui
837 1587 1002 1648 privato
1046 1587 1091 1630 in
1133 1587 1311 1631 Aratum
1351 1586 1450 1632 odio

155 1696 301 1754 agitati
356 1703 483 1754 atque
530 1693 689 1738 invidia
706 1726 719 1746 ,
767 1692 892 1736 rebus
932 1691 1023 1749 ejus
1078 1688 1286 1750 prosperis
1325 1687 1447 1733 dole-

157 1797 261 1842 bant
279 1821 299 1851 ,-
330 1796 571 1857 gaudebant
611 1794 790 1840 adversis
808 1828 820 1847 ,
868 1807 1006 1854 neque
1057 1791 1268 1837 infinitam
1321 1791 1450 1836 etiam

156 1899 427 1963 abjectorum*
445 1898 668 1945 hominum
703 1899 870 1960 copiam
888 1931 902 1953 ,
925 1887 1012 1960 'qui
1028 1932 1040 1953 ,
1074 1913 1169 1943 cum
1201 1896 1447 1943 servitutem

147 2005 238 2063 jam
261 2002 550 2057 adamassem,
585 2001 792 2048 libertatis
827 2016 1006 2047 cursum·
1027 2001 1182 2047 inertia
1203 2001 1275 2045 sua
1290 2001 1447 2047 mirum

156 2105 200 2149 in
230 2105 409 2150 modum·
431 2106 671 2152 tardabant.

209 2315 242 2353 Ι)
290 2312 474 2352 hamb-02⁹4
496 2314 587 2360 πρὸς
609 2314 675 2354 τὰς
697 2313 877 2357 &valeiae
901 2315 1020 2357 ὄντες.
1042 2295 1227 2362 Polybius.

204 2379 239 2412 2)
286 2379 466 2418 Attendas.
482 2392 611 2428 quaeso
625 2393 728 2428 quam
740 2381 869 2429 lepidis
882 2376 1035 2430 primum
1046 2383 1242 2430 Antigonus
1257 2384 1440 2422 machina-

158 2450 319 2490 tionibus
343 2462 430 2487 usus
446 2472 457 2493 ,
483 2433 642 2497 egregiae
657 2450 733 2499 spei
745 2451 906 2497 juvenem
922 2442 1134 2490 calumniari
1145 2451 1234 2501 apud
1246 2449 1450 2491 Ptolemae-

156 2534 217 2558 um
243 2519 288 2556 ad
310 2532 459 2567 suasque
472 2527 593 2578 partes
609 2520 795 2557 traducere
809 2530 955 2558 conatus
969 2523 1080 2560 tuerit
1094 2538 1104 2560 ε
1130 2524 1221 2572 quod
1233 2537 1311 2561 cum
1322 2536 1446 2573 patum

153 2589 226 2626 sibi
253 2601 296 2625 ex
315 2596 398 2625 voto
420 2589 625 2631 succedere,
652 2589 761 2626 immo
787 2590 933 2630 fortiter
953 2605 991 2630 se
1006 2597 1198 2643 oppugnari
1213 2593 1257 2631 ab
1284 2592 1348 2630 illo
1362 2603 1449 2628 sen-

150 2646 261 2702 tiret,
287 2656 380 2695 elam
394 2670 473 2695 eum
487 2657 728 2696 trucidaturus
740 2658 922 2721 sfflrnat.
946 2660 983 2697 in
1005 2661 1086 2700 vit.
1110 2675 1143 2700 c.
1169 2662 1246 2699 XV.
1272 2669 1308 2698 et
1332 2658 1442 2702 XXV.
