1630 3217
742 257 825 302 103

202 405 364 450 Foedus
415 404 541 461 igitur
588 400 849 443 Achaeorum
871 433 881 451 ,
932 399 1053 441 initio
1098 395 1295 456 quidem,
1342 398 1421 441 suis

140 509 288 570 opibus
312 509 465 551 fretum
484 537 497 557 ‚
531 511 678 546 contra
708 499 1062 548 Lacedaemonios
1096 495 1285 543 attollere
1314 514 1421 543 ocu-

138 617 197 659 los
226 614 476 658 sustinuerat
495 628 509 664 ;-
542 604 798 669 procedente
828 620 924 650 vero
951 603 1097 656 bello,
1133 602 1417 663 quum'totam

136 714 350 778 regiminis
376 714 554 758 formam
585 710 900 758 Lacedaemone
930 707 1174 754 Cleomenes
1204 708 1419 752 immutas-

136 831 221 876 set,
259 835 338 865 nec
369 819 508 865 minus
538 817 761 863 efficaciter
790 826 832 862 et
864 816 1000 862 valide
1040 814 1199 861 bellum
1230 823 1417 875 gereret,

134 930 176 966 et
221 922 281 966 ah
318 922 572 968 Aetolorum
600 922 728 965 etiam
771 922 944 966 audacia
1004 935 1239 981 eorumque
1262 953 1274 972 ,
1324 933 1417 964 cum

134 1025 374 1086 Spartanis,
420 1026 628 1070 societatis
665 1025 872 1070 ineundae
901 1023 1114 1077 consiliis,
1148 1022 1338 1082 graviora
1376 1022 1418 1064 in

133 1126 220 1170 dies
248 1125 507 1186 reipublicae
540 1127 693 1172 damna
716 1127 996 1187 inpenderent
1016 1161 1028 1182 ,
1078 1126 1228 1170 Aratus
1254 1124 1416 1186 praevi-

132 1231 234 1275 dens
250 1231 389 1274 futura
406 1237 610 1291 metuque
624 1238 859 1276 commotus
876 1265 888 1284 ,
905 1230 1024 1275 malis
1040 1229 1157 1274 hisce
1172 1230 1216 1273 in
1230 1237 1418 1290 tempore

132 1333 438 1379 occurrendum
467 1350 553 1379 esse
574 1334 736 1381 statuit.
769 1333 1072 1382 Macedonibus
1104 1341 1206 1393 tunc
1227 1341 1416 1394 praeerat

130 1438 364 1498 Antigonus
378 1437 518 1482 Doson
533 1472 546 1492 ‚
565 1437 763 1499 Philippo
780 1439 920 1484 adhuc
934 1454 1068 1497 puero
1085 1447 1200 1483 tutor
1213 1427 1382 1482 relic'tus
1400 1469 1412 1489 ‚

133 1554 203 1584 rex
221 1573 233 1593 ,
266 1541 298 1584 si
326 1536 551 1599 Polybium
579 1540 724 1585 audias
742 1576 753 1595 ,
802 1549 993 1589 strenuus
1011 1575 1024 1597 ,
1072 1541 1207 1594 fidus,
1248 1539 1411 1585 intelli-

128 1659 226 1705 gens
264 1644 316 1692 1).
386 1643 495 1688 Cum
539 1644 619 1688 hoc
662 1642 847 1706 colloqui
887 1644 1203 1704 amicitiamque
1239 1644 1414 1702 jungere

98 1747 315 1799 ,studuit,
348 1746 418 1790 sed
450 1761 527 1806 per
555 1747 749 1806 ambages
788 1747 968 1791 maxime
999 1746 1413 1807 machinationesque

127 1848 308 1891 occultas
350 1848 670 1907 procedendum
710 1850 790 1894 sibi
828 1859 967 1903 ratus,
1017 1850 1127 1893 hanc
1165 1850 1263 1894 iniit
1286 1850 1410 1896 viam⁴

124 1950 495 2011 Megalopolitanos
513 1984 524 2004 ,
560 1950 828 1995 Achaeorum
867 1951 999 1995 socios
1040 1951 1302 1995 fidelissimos
1338 1947 1377 1993 ²)
1397 1986 1409 2005 ‚

126 2069 220 2097 cum
258 2062 430 2114 propter
459 2052 639 2120 regionis
679 2053 834 2107 situm,
883 2053 1189 2098 Lacedaemoni
1214 2053 1410 2122 adjacen-

123 2159 176 2205 tis
193 2192 205 2213 ,
239 2133 399 2204 damnis
428 2158 668 2219 rapinisque
695 2173 796 2218 prae
824 2158 997 2203 caeteris
1027 2157 1233 2219 expositos
1263 2173 1410 2202 cerne-

121 2268 211 2314 ret,
241 2275 395 2323 eosque
410 2261 463 2305 ab
481 2259 684 2315 Achaeis,
718 2261 793 2323 qui
816 2261 896 2322 ipsi
923 2277 1091 2323 quoque
1106 2276 1247 2306 rerum
1272 2263 1412 2324 inopia

170 2452 201 2485 1)
250 2443 301 2479 Π.
327 2445 387 2481 47.
413 2448 603 2482 κατανοῶν
630 2447 672 2483 δὲ
699 2450 761 2483 τὸν
788 2446 1010 2494 Ἀντίγονον
1038 2450 1102 2484 καὶ
1121 2452 1249 2497 πρᾶξιν
1271 2449 1408 2494 ἔχοντα

123 2511 185 2546 καὶ
211 2511 354 2546 σύνεσιν
384 2515 447 2547 καὶ
472 2517 603 2558 πίςεῳς
629 2517 943 2561 ἀντιποιούμενον·

169 2589 202 2622 2>
256 2577 310 2615 cs.
336 2579 461 2627 Polyb.
488 2580 538 2618 11.
564 2584 622 2618 55.
648 2586 707 2621 60.
