<?xml version="1.0" encoding="UTF-8"?>
<!DOCTYPE html PUBLIC "-//W3C//DTD XHTML 1.0 Transitional//EN"
    "http://www.w3.org/TR/xhtml1/DTD/xhtml1-transitional.dtd">
<html xmlns="http://www.w3.org/1999/xhtml" xml:lang="en" lang="en">
 <head>
  <title>
</title>
<meta http-equiv="Content-Type" content="text/html;charset=utf-8" />
  <meta name='ocr-system' content='tesseract 3.04.00' />
  <meta name='ocr-capabilities' content='ocr_page ocr_carea ocr_par ocr_line ocrx_word'/>
</head>
<body>
  <div class='ocr_page' id='page_1' title='image "4737160_0157.png"; bbox 0 0 1630 3217; ppageno 0'>
   <div class='ocr_carea' id='block_1_1' title="bbox 758 321 846 363">
    <p class='ocr_par' dir='ltr' id='par_1_1' title="bbox 758 321 846 363">
     <span class='ocr_line' id='line_1_1' title="bbox 758 321 846 363; baseline 0.011 -1"><span class='ocrx_word' id='word_1_1' title='bbox 758 321 846 363; x_wconf 73' lang='lat'><strong>130</strong></span> 
     </span>
    </p>
   </div>
   <div class='ocr_carea' id='block_1_2' title="bbox 163 461 1456 2599">
    <p class='ocr_par' dir='ltr' id='par_1_2' title="bbox 163 461 1456 2599">
     <span class='ocr_line' id='line_1_2' title="bbox 163 461 1450 518; baseline 0.002 -12"><span class='ocrx_word' id='word_1_2' title='bbox 163 461 263 506; x_wconf 88' lang='lat' dir='ltr'><strong>dem</strong></span> <span class='ocrx_word' id='word_1_3' title='bbox 282 462 501 507; x_wconf 84' lang='lat' dir='ltr'><strong>materiam</strong></span> <span class='ocrx_word' id='word_1_4' title='bbox 520 496 533 516; x_wconf 94' lang='lat'>,</span> <span class='ocrx_word' id='word_1_5' title='bbox 565 461 693 506; x_wconf 84' lang='lat' dir='ltr'>simili</span> <span class='ocrx_word' id='word_1_6' title='bbox 713 475 852 506; x_wconf 86' lang='lat' dir='ltr'><strong>rursus</strong></span> <span class='ocrx_word' id='word_1_7' title='bbox 871 495 883 517; x_wconf 93' lang='lat'>‚</span> <span class='ocrx_word' id='word_1_8' title='bbox 916 462 1049 505; x_wconf 81' lang='lat' dir='ltr'><strong>immo</strong></span> <span class='ocrx_word' id='word_1_9' title='bbox 1079 462 1309 507; x_wconf 82' lang='lat' dir='ltr'><strong>intentiore</strong></span> <span class='ocrx_word' id='word_1_10' title='bbox 1333 465 1450 518; x_wconf 70' lang='lat' dir='ltr'><strong>cura,</strong></span> 
     </span>
     <span class='ocr_line' id='line_1_3' title="bbox 166 565 1452 627; baseline 0.002 -17"><span class='ocrx_word' id='word_1_11' title='bbox 166 566 450 627; x_wconf 85' lang='lat' dir='ltr'><strong>persequitur.</strong></span> <span class='ocrx_word' id='word_1_12' title='bbox 512 565 558 611; x_wconf 91' lang='lat' dir='ltr'><strong>Si</strong></span> <span class='ocrx_word' id='word_1_13' title='bbox 587 581 733 611; x_wconf 84' lang='lat' dir='ltr'><strong>verum</strong></span> <span class='ocrx_word' id='word_1_14' title='bbox 753 565 875 610; x_wconf 84' lang='lat' dir='ltr'><strong>video</strong></span> <span class='ocrx_word' id='word_1_15' title='bbox 893 599 906 620; x_wconf 91' lang='lat'>‚</span> <span class='ocrx_word' id='word_1_16' title='bbox 940 566 985 610; x_wconf 90' lang='lat' dir='ltr'><strong>in</strong></span> <span class='ocrx_word' id='word_1_17' title='bbox 1014 565 1134 612; x_wconf 78' lang='lat' dir='ltr'><strong>Arati</strong></span> <span class='ocrx_word' id='word_1_18' title='bbox 1166 567 1251 613; x_wconf 71' lang='lat' dir='ltr'><strong>vita</strong></span> <span class='ocrx_word' id='word_1_19' title='bbox 1273 567 1452 613; x_wconf 89' lang='lat' dir='ltr'><strong>conciu-</strong></span> 
     </span>
     <span class='ocr_line' id='line_1_4' title="bbox 163 667 1445 728; baseline -0.002 -14"><span class='ocrx_word' id='word_1_20' title='bbox 163 671 332 725; x_wconf 73' lang='lat' dir='ltr'><strong>nanda,</strong></span> <span class='ocrx_word' id='word_1_21' title='bbox 379 669 626 714; x_wconf 84' lang='lat' dir='ltr'><strong>Plutarchus</strong></span> <span class='ocrx_word' id='word_1_22' title='bbox 653 670 835 714; x_wconf 81' lang='lat' dir='ltr'><strong>mirifice</strong></span> <span class='ocrx_word' id='word_1_23' title='bbox 872 668 954 712; x_wconf 91' lang='lat' dir='ltr'><strong>sibi</strong></span> <span class='ocrx_word' id='word_1_24' title='bbox 992 667 1172 728; x_wconf 86' lang='lat' dir='ltr'><strong>placuit.</strong></span> <span class='ocrx_word' id='word_1_25' title='bbox 1239 670 1294 713; x_wconf 88' lang='lat' dir='ltr'><strong>Et</strong></span> <span class='ocrx_word' id='word_1_26' title='bbox 1322 684 1445 723; x_wconf 81' lang='lat' dir='ltr'><strong>vero,</strong></span> 
     </span>
     <span class='ocr_line' id='line_1_5' title="bbox 166 771 1448 833; baseline 0 -15"><span class='ocrx_word' id='word_1_27' title='bbox 166 773 375 818; x_wconf 90' lang='lat' dir='ltr'><strong>Graecum</strong></span> <span class='ocrx_word' id='word_1_28' title='bbox 394 806 406 827; x_wconf 91' lang='lat'>,</span> <span class='ocrx_word' id='word_1_29' title='bbox 453 771 607 817; x_wconf 89' lang='lat' dir='ltr'><strong>indolis</strong></span> <span class='ocrx_word' id='word_1_30' title='bbox 635 771 845 827; x_wconf 83' lang='lat' dir='ltr'>excelsae,</span> <span class='ocrx_word' id='word_1_31' title='bbox 888 771 1050 833; x_wconf 82' lang='lat' dir='ltr'><strong>patriae</strong></span> <span class='ocrx_word' id='word_1_32' title='bbox 1088 771 1448 827; x_wconf 84' lang='lat' dir='ltr'><strong>amantissimum,</strong></span> 
     </span>
     <span class='ocr_line' id='line_1_6' title="bbox 165 855 1451 937; baseline 0 -19"><span class='ocrx_word' id='word_1_33' title='bbox 165 873 277 919; x_wconf 88' lang='lat' dir='ltr'><strong>nihil</strong></span> <span class='ocrx_word' id='word_1_34' title='bbox 307 884 420 920; x_wconf 88' lang='lat' dir='ltr'><strong>certe</strong></span> <span class='ocrx_word' id='word_1_35' title='bbox 444 878 601 936; x_wconf 87' lang='lat' dir='ltr'><strong>majore</strong></span> <span class='ocrx_word' id='word_1_36' title='bbox 619 855 885 936; x_wconf 43' lang='lat' dir='ltr'><strong>{effundere</strong></span> <span class='ocrx_word' id='word_1_37' title='bbox 915 864 1077 920; x_wconf 71' lang='lat' dir='ltr'><strong>laeti-tia</strong></span> <span class='ocrx_word' id='word_1_38' title='bbox 1110 876 1251 937; x_wconf 87' lang='lat' dir='ltr'><strong>potuit</strong></span> <span class='ocrx_word' id='word_1_39' title='bbox 1266 909 1279 930; x_wconf 93' lang='lat'>,</span> <span class='ocrx_word' id='word_1_40' title='bbox 1323 890 1451 936; x_wconf 88' lang='lat' dir='ltr'><strong>quam</strong></span> 
     </span>
     <span class='ocr_line' id='line_1_7' title="bbox 166 978 1453 1040; baseline 0.003 -20"><span class='ocrx_word' id='word_1_41' title='bbox 166 978 267 1033; x_wconf 89' lang='lat' dir='ltr'><strong>illa,</strong></span> <span class='ocrx_word' id='word_1_42' title='bbox 312 992 391 1038; x_wconf 92' lang='lat' dir='ltr'><strong>pro</strong></span> <span class='ocrx_word' id='word_1_43' title='bbox 429 978 605 1022; x_wconf 73' lang='lat' dir='ltr'><strong>Graecia</strong></span> <span class='ocrx_word' id='word_1_44' title='bbox 630 979 676 1022; x_wconf 93' lang='lat' dir='ltr'><strong>in</strong></span> <span class='ocrx_word' id='word_1_45' title='bbox 706 979 930 1040; x_wconf 87' lang='lat' dir='ltr'><strong>pristinam</strong></span> <span class='ocrx_word' id='word_1_46' title='bbox 963 981 1207 1025; x_wconf 89' lang='lat' dir='ltr'><strong>libertatem</strong></span> <span class='ocrx_word' id='word_1_47' title='bbox 1235 981 1453 1025; x_wconf 76' lang='lat' dir='ltr'><strong>vindican-</strong></span> 
     </span>
     <span class='ocr_line' id='line_1_8' title="bbox 165 1081 1454 1143; baseline 0.001 -17"><span class='ocrx_word' id='word_1_48' title='bbox 165 1081 248 1135; x_wconf 70' lang='lat' dir='ltr'><strong>da,</strong></span> <span class='ocrx_word' id='word_1_49' title='bbox 281 1081 366 1126; x_wconf 90' lang='lat' dir='ltr'><strong>alto</strong></span> <span class='ocrx_word' id='word_1_50' title='bbox 393 1082 545 1141; x_wconf 89' lang='lat' dir='ltr'><strong>spiritu</strong></span> <span class='ocrx_word' id='word_1_51' title='bbox 571 1091 774 1142; x_wconf 84' lang='lat' dir='ltr'><strong>suscepta.</strong></span> <span class='ocrx_word' id='word_1_52' title='bbox 789 1082 980 1142; x_wconf 88' lang='lat' dir='ltr'><strong>pericula</strong></span> <span class='ocrx_word' id='word_1_53' title='bbox 1015 1081 1304 1143; x_wconf 70' lang='lat' dir='ltr'><strong>exantlatique</strong></span> <span class='ocrx_word' id='word_1_54' title='bbox 1327 1083 1454 1129; x_wconf 86' lang='lat' dir='ltr'><strong>labo-</strong></span> 
     </span>
     <span class='ocr_line' id='line_1_9' title="bbox 164 1182 1453 1249; baseline 0.006 -23"><span class='ocrx_word' id='word_1_55' title='bbox 164 1198 230 1228; x_wconf 86' lang='lat' dir='ltr'><strong>res</strong></span> <span class='ocrx_word' id='word_1_56' title='bbox 246 1216 260 1237; x_wconf 89' lang='lat'>,</span> <span class='ocrx_word' id='word_1_57' title='bbox 299 1182 410 1226; x_wconf 90' lang='lat' dir='ltr'><strong>nihil</strong></span> <span class='ocrx_word' id='word_1_58' title='bbox 450 1183 630 1229; x_wconf 84' lang='lat' dir='ltr'><strong>delinire</strong></span> <span class='ocrx_word' id='word_1_59' title='bbox 671 1186 859 1235; x_wconf 87' lang='lat' dir='ltr'><strong>animum</strong></span> <span class='ocrx_word' id='word_1_60' title='bbox 901 1187 1096 1233; x_wconf 90' lang='lat' dir='ltr'><strong>blandius</strong></span> <span class='ocrx_word' id='word_1_61' title='bbox 1112 1220 1125 1242; x_wconf 88' lang='lat'><strong>,</strong></span> <span class='ocrx_word' id='word_1_62' title='bbox 1170 1204 1297 1249; x_wconf 85' lang='lat' dir='ltr'><strong>quarn</strong></span> <span class='ocrx_word' id='word_1_63' title='bbox 1341 1188 1453 1234; x_wconf 87' lang='lat' dir='ltr'><strong>illius</strong></span> 
     </span>
     <span class='ocr_line' id='line_1_10' title="bbox 166 1285 1456 1352; baseline 0.005 -22"><span class='ocrx_word' id='word_1_64' title='bbox 166 1285 350 1331; x_wconf 88' lang='lat' dir='ltr'><strong>foederis</strong></span> <span class='ocrx_word' id='word_1_65' title='bbox 388 1286 655 1343; x_wconf 88' lang='lat' dir='ltr'><strong>recordatio,</strong></span> <span class='ocrx_word' id='word_1_66' title='bbox 710 1304 794 1350; x_wconf 89' lang='lat' dir='ltr'><strong>quo</strong></span> <span class='ocrx_word' id='word_1_67' title='bbox 831 1289 1069 1335; x_wconf 86' lang='lat' dir='ltr'><strong>resuscitari</strong></span> <span class='ocrx_word' id='word_1_68' title='bbox 1109 1292 1292 1352; x_wconf 87' lang='lat' dir='ltr'><strong>potuisse</strong></span> <span class='ocrx_word' id='word_1_69' title='bbox 1332 1292 1456 1337; x_wconf 89' lang='lat' dir='ltr'><strong>Pelo-</strong></span> 
     </span>
     <span class='ocr_line' id='line_1_11' title="bbox 164 1393 1456 1456; baseline 0.002 -21"><span class='ocrx_word' id='word_1_70' title='bbox 164 1405 399 1452; x_wconf 82' lang='lat' dir='ltr'><strong>ponnesum</strong></span> <span class='ocrx_word' id='word_1_71' title='bbox 426 1393 649 1447; x_wconf 87' lang='lat' dir='ltr'><strong>crederes,</strong></span> <span class='ocrx_word' id='word_1_72' title='bbox 695 1394 778 1438; x_wconf 89' lang='lat' dir='ltr'><strong>nisi</strong></span> <span class='ocrx_word' id='word_1_73' title='bbox 812 1394 996 1439; x_wconf 89' lang='lat' dir='ltr'><strong>humana</strong></span> <span class='ocrx_word' id='word_1_74' title='bbox 1025 1396 1294 1440; x_wconf 85' lang='lat' dir='ltr'><strong>imbecillitas</strong></span> <span class='ocrx_word' id='word_1_75' title='bbox 1338 1396 1456 1456; x_wconf 89' lang='lat' dir='ltr'><strong>operi</strong></span> 
     </span>
     <span class='ocr_line' id='line_1_12' title="bbox 166 1496 1456 1560; baseline -0.001 -18"><span class='ocrx_word' id='word_1_76' title='bbox 166 1499 463 1560; x_wconf 65' lang='lat' dir='ltr'><strong>intercessisset</strong></span> <span class='ocrx_word' id='word_1_77' title='bbox 501 1498 738 1559; x_wconf 86' lang='lat' dir='ltr'><strong>praeclaro.</strong></span> <span class='ocrx_word' id='word_1_78' title='bbox 800 1499 900 1544; x_wconf 83' lang='lat' dir='ltr'><strong>Jam</strong></span> <span class='ocrx_word' id='word_1_79' title='bbox 936 1512 1034 1542; x_wconf 84' lang='lat' dir='ltr'><strong>vero</strong></span> <span class='ocrx_word' id='word_1_80' title='bbox 1049 1532 1062 1552; x_wconf 92' lang='lat'><strong><em>,</em></strong></span> <span class='ocrx_word' id='word_1_81' title='bbox 1110 1506 1269 1558; x_wconf 84' lang='lat' dir='ltr'><strong>quanto</strong></span> <span class='ocrx_word' id='word_1_82' title='bbox 1319 1496 1456 1542; x_wconf 85' lang='lat' dir='ltr'><strong>excel-</strong></span> 
     </span>
     <span class='ocr_line' id='line_1_13' title="bbox 165 1599 1454 1666; baseline -0.002 -18"><span class='ocrx_word' id='word_1_83' title='bbox 165 1603 274 1649; x_wconf 90' lang='lat' dir='ltr'><strong>siore</strong></span> <span class='ocrx_word' id='word_1_84' title='bbox 288 1636 304 1657; x_wconf 87' lang='lat'>,</span> <span class='ocrx_word' id='word_1_85' title='bbox 348 1600 453 1666; x_wconf 56' lang='lat' dir='ltr'><strong>iilud</strong></span> <span class='ocrx_word' id='word_1_86' title='bbox 496 1599 821 1662; x_wconf 86' lang='lat' dir='ltr'><strong>contemplando</strong></span> <span class='ocrx_word' id='word_1_87' title='bbox 836 1634 849 1654; x_wconf 92' lang='lat'><strong>,</strong></span> <span class='ocrx_word' id='word_1_88' title='bbox 895 1601 1065 1644; x_wconf 87' lang='lat' dir='ltr'><strong>affectus</strong></span> <span class='ocrx_word' id='word_1_89' title='bbox 1107 1600 1260 1662; x_wconf 83' lang='lat' dir='ltr'><strong>gaudio</strong></span> <span class='ocrx_word' id='word_1_90' title='bbox 1287 1602 1424 1646; x_wconf 87' lang='lat' dir='ltr'><strong>fuerat</strong></span> <span class='ocrx_word' id='word_1_91' title='bbox 1440 1636 1454 1656; x_wconf 89' lang='lat'>,</span> 
     </span>
     <span class='ocr_line' id='line_1_14' title="bbox 166 1703 1454 1766; baseline -0.003 -12"><span class='ocrx_word' id='word_1_92' title='bbox 166 1715 284 1754; x_wconf 83' lang='lat' dir='ltr'><strong>tanto</strong></span> <span class='ocrx_word' id='word_1_93' title='bbox 314 1703 651 1766; x_wconf 80' lang='lat' dir='ltr'><strong>eum,dolentius</strong></span> <span class='ocrx_word' id='word_1_94' title='bbox 669 1735 683 1757; x_wconf 91' lang='lat'><strong><em>,</em></strong></span> <span class='ocrx_word' id='word_1_95' title='bbox 714 1703 846 1748; x_wconf 78' lang='lat' dir='ltr'><strong>veluti</strong></span> <span class='ocrx_word' id='word_1_96' title='bbox 873 1718 946 1764; x_wconf 91' lang='lat' dir='ltr'><strong>spe</strong></span> <span class='ocrx_word' id='word_1_97' title='bbox 978 1705 1049 1748; x_wconf 73' lang='lat' dir='ltr'><strong>sua</strong></span> <span class='ocrx_word' id='word_1_98' title='bbox 1081 1704 1294 1759; x_wconf 90' lang='lat' dir='ltr'><strong>delusum,</strong></span> <span class='ocrx_word' id='word_1_99' title='bbox 1327 1705 1454 1751; x_wconf 89' lang='lat' dir='ltr'><strong>istum</strong></span> 
     </span>
     <span class='ocr_line' id='line_1_15' title="bbox 165 1804 1456 1869; baseline -0.001 -15"><span class='ocrx_word' id='word_1_100' title='bbox 165 1823 309 1854; x_wconf 90' lang='lat' dir='ltr'><strong>rerum</strong></span> <span class='ocrx_word' id='word_1_101' title='bbox 353 1806 493 1867; x_wconf 34' lang='lat' dir='ltr'><strong>Arati..</strong></span> <span class='ocrx_word' id='word_1_102' title='bbox 515 1804 751 1866; x_wconf 77' lang='lat' dir='ltr'><strong>deplorasse</strong></span> <span class='ocrx_word' id='word_1_103' title='bbox 791 1804 952 1849; x_wconf 85' lang='lat' dir='ltr'><strong>exitum</strong></span> <span class='ocrx_word' id='word_1_104' title='bbox 977 1839 990 1859; x_wconf 94' lang='lat'>‚</span> <span class='ocrx_word' id='word_1_105' title='bbox 1047 1806 1265 1851; x_wconf 83' lang='lat' dir='ltr'><strong>verisimili</strong></span> <span class='ocrx_word' id='word_1_106' title='bbox 1308 1808 1456 1869; x_wconf 87' lang='lat' dir='ltr'><strong>utique</strong></span> 
     </span>
     <span class='ocr_line' id='line_1_16' title="bbox 168 1884 1452 1974; baseline -0.002 -18"><span class='ocrx_word' id='word_1_107' title='bbox 168 1911 409 1974; x_wconf 68' lang='lat' dir='ltr'><strong>conjectura</strong></span> <span class='ocrx_word' id='word_1_108' title='bbox 459 1884 632 1966; x_wconf 74' lang='lat' dir='ltr'><strong>efficias,</strong></span> <span class='ocrx_word' id='word_1_109' title='bbox 680 1933 743 1943; x_wconf 91' lang='lat'><em>-</em></span> <span class='ocrx_word' id='word_1_110' title='bbox 790 1907 927 1964; x_wconf 83' lang='lat' dir='ltr'><strong>Quam</strong></span> <span class='ocrx_word' id='word_1_111' title='bbox 976 1907 1243 1969; x_wconf 24' lang='lat' dir='ltr'><strong>indulgent-er</strong></span> <span class='ocrx_word' id='word_1_112' title='bbox 1282 1919 1422 1954; x_wconf 90' lang='lat' dir='ltr'><strong>autem</strong></span> <span class='ocrx_word' id='word_1_113' title='bbox 1440 1943 1452 1963; x_wconf 91' lang='lat'>‚</span> 
     </span>
     <span class='ocr_line' id='line_1_17' title="bbox 167 2009 1450 2101; baseline -0.004 -41"><span class='ocrx_word' id='word_1_114' title='bbox 167 2015 326 2078; x_wconf 71' lang='lat' dir='ltr'><strong>quanta</strong></span> <span class='ocrx_word' id='word_1_115' title='bbox 351 2012 620 2101; x_wconf 43' lang='lat' dir='ltr'><strong>humanitate</strong></span> <span class='ocrx_word' id='word_1_116' title='bbox 640 2044 653 2064; x_wconf 91' lang='lat'><strong>,</strong></span> <span class='ocrx_word' id='word_1_117' title='bbox 687 2025 815 2074; x_wconf 77' lang='lat' dir='ltr'><strong>quarn</strong></span> <span class='ocrx_word' id='word_1_118' title='bbox 850 2009 973 2071; x_wconf 82' lang='lat' dir='ltr'><strong>longe</strong></span> <span class='ocrx_word' id='word_1_119' title='bbox 1016 2027 1039 2054; x_wconf 90' lang='lat' dir='ltr'><strong>a</strong></span> <span class='ocrx_word' id='word_1_120' title='bbox 1075 2011 1206 2079; x_wconf 64' lang='lat' dir='ltr'><strong>nimia</strong></span> <span class='ocrx_word' id='word_1_121' title='bbox 1235 2010 1450 2056; x_wconf 76' lang='lat' dir='ltr'><strong>iracundia</strong></span> 
     </span>
     <span class='ocr_line' id='line_1_18' title="bbox 168 2113 1451 2185; baseline -0.005 -20"><span class='ocrx_word' id='word_1_122' title='bbox 168 2118 351 2181; x_wconf 88' lang='lat' dir='ltr'><strong>odioque</strong></span> <span class='ocrx_word' id='word_1_123' title='bbox 396 2116 561 2185; x_wconf 45' lang='lat' dir='ltr'><strong>*acerbo</strong></span> <span class='ocrx_word' id='word_1_124' title='bbox 615 2122 802 2159; x_wconf 87' lang='lat' dir='ltr'><strong>remotus</strong></span> <span class='ocrx_word' id='word_1_125' title='bbox 829 2148 842 2168; x_wconf 95' lang='lat'>,</span> <span class='ocrx_word' id='word_1_126' title='bbox 903 2128 1099 2175; x_wconf 86' lang='lat' dir='ltr'><strong>perversa</strong></span> <span class='ocrx_word' id='word_1_127' title='bbox 1140 2113 1451 2175; x_wconf 84' lang='lat' dir='ltr'><strong>praeclarorum</strong></span> 
     </span>
     <span class='ocr_line' id='line_1_19' title="bbox 166 2218 1452 2285; baseline -0.002 -19"><span class='ocrx_word' id='word_1_128' title='bbox 166 2221 388 2267; x_wconf 90' lang='lat' dir='ltr'><strong>hominum</strong></span> <span class='ocrx_word' id='word_1_129' title='bbox 407 2221 540 2285; x_wconf 22' lang='lat' dir='ltr'><strong>..facta</strong></span> <span class='ocrx_word' id='word_1_130' title='bbox 583 2219 749 2283; x_wconf 82' lang='lat' dir='ltr'><strong>tradere</strong></span> <span class='ocrx_word' id='word_1_131' title='bbox 785 2228 829 2265; x_wconf 75' lang='lat' dir='ltr'><strong>et</strong></span> <span class='ocrx_word' id='word_1_132' title='bbox 857 2218 1090 2280; x_wconf 90' lang='lat' dir='ltr'><strong>dijudicare</strong></span> <span class='ocrx_word' id='word_1_133' title='bbox 1116 2219 1197 2265; x_wconf 87' lang='lat' dir='ltr'><strong>sibi</strong></span> <span class='ocrx_word' id='word_1_134' title='bbox 1222 2233 1452 2280; x_wconf 87' lang='lat' dir='ltr'><strong>proposue-</strong></span> 
     </span>
     <span class='ocr_line' id='line_1_20' title="bbox 166 2300 1448 2388; baseline -0.004 -13"><span class='ocrx_word' id='word_1_135' title='bbox 166 2331 253 2385; x_wconf 90' lang='lat' dir='ltr'><strong>rit,</strong></span> <span class='ocrx_word' id='word_1_136' title='bbox 300 2327 588 2382; x_wconf 78' lang='lat' dir='ltr'><strong>memorabilis</strong></span> <span class='ocrx_word' id='word_1_137' title='bbox 623 2334 798 2373; x_wconf 84' lang='lat' dir='ltr'><strong>testatur</strong></span> <span class='ocrx_word' id='word_1_138' title='bbox 832 2326 877 2383; x_wconf 78' lang='lat' dir='ltr'><strong>in</strong></span> <span class='ocrx_word' id='word_1_139' title='bbox 922 2300 1182 2388; x_wconf 64' lang='lat' dir='ltr'><strong>Praefatione</strong></span> <span class='ocrx_word' id='word_1_140' title='bbox 1220 2325 1271 2369; x_wconf 89' lang='lat' dir='ltr'><strong>ad</strong></span> <span class='ocrx_word' id='word_1_141' title='bbox 1317 2327 1448 2372; x_wconf 85' lang='lat' dir='ltr'><strong>vitam</strong></span> 
     </span>
     <span class='ocr_line' id='line_1_21' title="bbox 167 2428 1447 2494; baseline -0.003 -17"><span class='ocrx_word' id='word_1_142' title='bbox 167 2432 355 2494; x_wconf 78' lang='lat' dir='ltr'><strong>Cimonis</strong></span> <span class='ocrx_word' id='word_1_143' title='bbox 392 2431 539 2486; x_wconf 81' lang='lat' dir='ltr'><strong>locus,</strong></span> <span class='ocrx_word' id='word_1_144' title='bbox 584 2428 660 2474; x_wconf 88' lang='lat' dir='ltr'><strong>ubi</strong></span> <span class='ocrx_word' id='word_1_145' title='bbox 692 2428 751 2477; x_wconf 84' lang='lat' dir='ltr'><strong>sic</strong></span> <span class='ocrx_word' id='word_1_146' title='bbox 778 2429 989 2491; x_wconf 83' lang='lat' dir='ltr'><strong>disputat:</strong></span> <span class='ocrx_word' id='word_1_147' title='bbox 1040 2428 1259 2490; x_wconf 83' lang='lat' dir='ltr'><strong>„proinde</strong></span> <span class='ocrx_word' id='word_1_148' title='bbox 1296 2436 1344 2473; x_wconf 91' lang='lat' dir='ltr'><strong>ut</strong></span> <span class='ocrx_word' id='word_1_149' title='bbox 1379 2444 1447 2473; x_wconf 87' lang='lat' dir='ltr'><strong>eos</strong></span> 
     </span>
     <span class='ocr_line' id='line_1_22' title="bbox 169 2530 1446 2599; baseline -0.006 -18"><span class='ocrx_word' id='word_1_150' title='bbox 169 2537 245 2599; x_wconf 88' lang='lat' dir='ltr'><strong>qui</strong></span> <span class='ocrx_word' id='word_1_151' title='bbox 274 2535 577 2599; x_wconf 82' lang='lat' dir='ltr'><strong>pulcherrimas</strong></span> <span class='ocrx_word' id='word_1_152' title='bbox 603 2541 648 2579; x_wconf 89' lang='lat' dir='ltr'><strong>et</strong></span> <span class='ocrx_word' id='word_1_153' title='bbox 673 2533 992 2594; x_wconf 79' lang='lat' dir='ltr'><strong>elegantissimas</strong></span> <span class='ocrx_word' id='word_1_154' title='bbox 1017 2533 1169 2578; x_wconf 89' lang='lat' dir='ltr'><strong>formas</strong></span> <span class='ocrx_word' id='word_1_155' title='bbox 1190 2530 1446 2593; x_wconf 79' lang='lat' dir='ltr'><strong>depingunt,</strong></span> 
     </span>
    </p>
   </div>
   <div class='ocr_carea' id='block_1_3' title="bbox 164 2630 1448 2705">
    <p class='ocr_par' dir='ltr' id='par_1_3' title="bbox 164 2630 1448 2705">
     <span class='ocr_line' id='line_1_23' title="bbox 164 2630 1448 2705; baseline -0.008 -19"><span class='ocrx_word' id='word_1_156' title='bbox 164 2643 198 2686; x_wconf 91' lang='lat' dir='ltr'><strong>si</strong></span> <span class='ocrx_word' id='word_1_157' title='bbox 225 2641 329 2703; x_wconf 89' lang='lat' dir='ltr'><strong>quid</strong></span> <span class='ocrx_word' id='word_1_158' title='bbox 356 2641 442 2705; x_wconf 68' lang='lat' dir='ltr'><strong>‚illis</strong></span> <span class='ocrx_word' id='word_1_159' title='bbox 462 2639 686 2686; x_wconf 84' lang='lat' dir='ltr'><strong>adhaereat</strong></span> <span class='ocrx_word' id='word_1_160' title='bbox 712 2637 853 2685; x_wconf 90' lang='lat' dir='ltr'><strong>minus</strong></span> <span class='ocrx_word' id='word_1_161' title='bbox 878 2644 1098 2683; x_wconf 78' lang='lat' dir='ltr'><strong>venustum</strong></span> <span class='ocrx_word' id='word_1_162' title='bbox 1113 2669 1124 2690; x_wconf 92' lang='lat'>‚</span> <span class='ocrx_word' id='word_1_163' title='bbox 1157 2649 1296 2696; x_wconf 89' lang='lat' dir='ltr'><strong>neque</strong></span> <span class='ocrx_word' id='word_1_164' title='bbox 1321 2630 1448 2676; x_wconf 89' lang='lat' dir='ltr'><strong>omit-</strong></span> 
     </span>
    </p>
   </div>
  </div>
 </body>
</html>
