1630 3217
769 305 822 345 77

158 447 245 492 vita
271 437 433 509 saepius
453 479 464 500 ,
497 445 670 491 nomine
697 443 867 499 addito,
899 444 953 488 ad
969 444 1089 488 Arati
1103 452 1304 504 provocat
1332 458 1446 489 com-

161 552 401 600 mentatioS.

196 658 336 705 <Fons
371 656 476 700 alter
504 655 732 716 primarius
757 668 807 698 ex
840 668 925 715 quo
951 664 993 700 et
1029 654 1228 714 Polybius
1268 664 1311 699 et
1350 634 1448 700 vero

162 761 368 814 maxime,
395 760 442 804 in
463 759 550 804 vita
576 757 814 806 Cleomenis
827 792 839 814 ,
869 756 1008 807 hausit
1025 758 1297 813 Plutarchus,
1328 758 1447 818 Phy-

164 863 330 909 larchus
353 862 461 909 fuit:
499 877 584 924 quo
598 897 612 918 ‚
655 860 789 907 multa
828 869 969 906 tamen
1004 861 1201 906 cautione
1228 860 1420 905 adhibita
1437 894 1450 914 ,

165 984 259 1014 usos
286 983 357 1013 eos
382 967 508 1013 fuisse
526 1002 538 1022 ,
585 983 635 1012 ex
656 966 862 1028 judiciis,
889 967 943 1012 ab
972 975 1155 1028 utroque
1197 965 1252 1011 de
1280 972 1452 1010 auctore

164 1069 477 1131 illo‘prolatis,
528 1052 619 1130 jure
661 1069 774 1114 effici
814 1078 952 1131 potest
989 1072 1043 1127 1).
1107 1071 1173 1115 Ita
1198 1068 1452 1115 Plutarchus

163 1175 209 1219 in
239 1173 292 1221 v,
323 1174 443 1218 Arati
479 1190 519 1221 ο.
551 1173 796 1219 xxxvm.
828 1176 978 1231 ὁμοίως
1002 1176 1082 1229 δὲ,
1121 1175 1212 1229 ait,
1259 1162 1452 1221 καὶψυ-

164 1278 317 1336 λαρχος
343 1279 505 1335 ἱςόρηκε
534 1280 629 1335 περὶ
659 1281 830 1323 τούτων’
861 1278 933 1339 (de
954 1281 1076 1324 causa
1096 1288 1139 1324 et
1164 1280 1328 1341 origine
1352 1278 1456 1323 belli

168 1380 447 1441 Cleomenici)
488 1373 531 1440 ᾧ
544 1413 558 1436 ,
600 1384 657 1439 μὴ
688 1385 761 1426 τοῦ
789 1382 1013 1443 Πολυβίου
1039 1385 1374 1441 μαρτυροῦντος,
1405 1382 1455 1426 οὐ

165 1491 281 1532 πάνυ
302 1504 344 1531 τι
365 1490 548 1536 meeum
574 1485 697 1536 ἄξιον
718 1482 784 1540 ἦν’
812 1487 1014 1544 ἐνθουσιᾷ
1034 1487 1114 1542 γὰρ
1127 1518 1141 1538 ,
1173 1486 1279 1529 ὅταν
1289 1485 1456 1540 ἅψηται

166 1590 239 1632 τοῦ
267 1586 558 1644 Κλεομένους,
576 1586 664 1631 ,ὑπ’
696 1586 861 1637 εὐνοίας
888 1587 983 1640 καὶ,
1016 1589 1211 1644 καθάπερ
1239 1588 1286 1632 ἐν
1322 1586 1450 1645 δίκῃ,

168 1694 221 1747 τῇ
243 1688 387 1746 ἱςορίᾳ
403 1720 417 1742 ,
450 1690 510 1745 τῷ
536 1688 617 1743 μὲν
644 1687 877 1732 ἀντιδικῶν
900 1686 1084 1730 διατελεῖ
1107 1690 1167 1744 τῷ
1196 1687 1241 1730 δὲ
1273 1702 1457 1740 συναγο-

169 1795 314 1849 ρεῦωιι.
348 1788 490 1846 „Pari
515 1788 645 1834 modo
667 1788 720 1835 de
742 1787 810 1834 his
836 1789 984 1835 scribit
1002 1787 1323 1851 Phylarchum,·
1358 1790 1429 1836 cui
1443 1824 1456 1846 ‚

171 1924 200 1945 „
217 1890 297 1936 nisi
324 1891 439 1935 testis
464 1890 683 1935 accederet
713 1892 943 1951 Polybius,
976 1908 1062 1939 non
1091 1909 1189 1939 sane
1216 1894 1320 1940 fides
1349 1895 1461 1941 foret

222 2101 255 2136 1)
302 2095 564 2142 Perscripserat
587 2094 834 2142 Phylarchus,
873 2094 985 2130 Suida
1018 2102 1131 2136 teste,
1168 2095 1339 2131 historias
1374 2108 1457 2131 suas

170 2166 220 2202 28
242 2164 346 2202 libris
370 2164 641 2214 comprehensas
657 2190 667 2207 ,
705 2177 793 2212 quae
821 2177 842 2201 a
873 2163 1004 2212 Pyrrhi
1035 2164 1072 2200 in
1094 2163 1376 2213 Peloponnesum
1394 2178 1459 2202 ex-

172 2234 353 2281 peditione
388 2232 608 2281 incipiebant
627 2232 656 2270 i.
681 2246 717 2269 e.
742 2232 786 2268 ab
812 2245 849 2268 a.
872 2231 917 2269 C.
939 2234 1022 2269 272.
1049 2246 1158 2281 usque
1182 2233 1226 2270 ad
1261 2233 1461 2271 Ptolemaei

172 2302 359 2350 Euergetis
395 2311 546 2345 mortem
586 2316 621 2340 a.
657 2302 701 2340 C.
735 2304 819 2339 221.
845 2302 902 2339 vel
934 2303 1046 2352 ipsam
1080 2303 1281 2341 Cleomenis
1305 2305 1460 2343 caedem.

173 2370 227 2407 De
250 2372 318 2409 hoc
343 2371 548 2421 Phylarcho
574 2372 622 2409 cs.
647 2372 723 2420 inp.
748 2371 896 2408 Vossius
922 2370 949 2407 l.
977 2372 1008 2408 Ι,
1034 2374 1076 2407 de
1101 2374 1292 2409 Historicis
1318 2374 1479 2409 Graecis·

174 2453 255 2486 cap.
280 2442 341 2477 17.
364 2462 413 2470 —
438 2435 797 2479 Animadvertendum
820 2450 949 2479 autem
973 2441 1040 2478 hoc
1074 2441 1153 2478 loco
1191 2443 1332 2480 videtur
1363 2444 1461 2490 Phy-

173 2508 334 2555 larchum
372 2510 483 2546 fuisse
532 2510 786 2564 Atheniensem
822 2518 860 2548 et
897 2511 1025 2548 vixisse
1070 2511 1109 2546 in
1151 2511 1232 2549 aula
1267 2511 1462 2550 Ptolemaei

175 2577 381 2622 Euergetis,
408 2589 477 2623 quo
504 2578 638 2625 duplici
664 2581 809 2617 nomine
838 2580 1016 2618 insensum
1043 2594 1122 2617 eum
1153 2582 1313 2619 maxime
1340 2582 1460 2619 Maee-

100 2670 102 2672 -
179 2646 326 2686 donibus
350 2645 461 2684 fuisse
487 2645 600 2683 tradit
623 2646 768 2685 Gillies.
797 2649 863 2697 Op.
890 2648 918 2687 l.
943 2663 975 2688 e.
999 2649 1098 2688 XIII.
1127 2651 1164 2687 in
1186 2651 1290 2688 Nota.
