1630 3217
756 306 845 347 162

139 470 202 510 ρις
239 453 294 508 ¹).
357 449 446 507 Qua
471 449 515 492 in
541 463 585 493 re
615 448 883 494 mirabuntur
924 464 1019 495 sane
1051 449 1204 504 multi,
1240 451 1315 511 qui
1342 451 1425 497 hoe

138 568 271 598 unum
298 567 460 614 semper
484 560 589 597 esset
615 553 854 613 professus:
891 557 938 598 τὸ
965 553 1160 609 εὔδαιμον
1179 556 1227 598 τὸ
1257 554 1428 600 ἐλεύθε-

139 673 213 713 ρον
251 654 290 701 ²)
309 688 320 707 ,
366 656 524 716 quique
566 655 781 702 videretur
803 692 816 712 ,
860 673 957 703 cum
987 657 1192 702 acerrimo
1221 658 1428 703 libertatis

137 758 351 804 Romanae
367 794 379 815 ,
428 770 574 806 contra
617 759 804 806 Caesaris
833 762 1060 823 imperium
1080 796 1091 815 ,
1119 762 1288 808 vindice
1321 761 1425 807 Cas-

137 867 198 911 sio
217 900 228 920 ,
270 882 390 927 posse
416 865 614 924 gloriari:
662 865 756 907 οῦτε
801 865 996 922 βασιλεύς
1033 863 1113 922 εἶμι
1138 868 1230 910 οὔτε
1258 870 1395 923 κύριος
1414 898 1426 918 ,

140 973 212 1015 τοῦ
242 968 286 1014 δὲ
327 967 472 1027 κυρίου
514 968 587 1011 καὶ
628 964 833 1027 βασιλὲὠς
863 967 1013 1022 φονεύς
1039 969 1110 1010 καὶ
1142 968 1318 1025 κολαςής
1355 966 1425 1023 ³),

138 1071 320 1117 eundem
365 1070 432 1116 vel
458 1070 545 1116 otio
574 1085 688 1115 nunc
730 1069 838 1130 regis
885 1068 1084 1114 inservire
1110 1070 1343 1117 officiosum
1384 1081 1433 1117 et.

137 1175 505 1222 subblandientem
546 1173 746 1235 potuisse.
825 1172 1039 1233 Equidem
1083 1172 1265 1233 ingenue
1293 1174 1428 1219 fateor

140 1296 210 1326 me
232 1280 477 1340 hujusmodi
504 1288 679 1323 naturae
705 1278 913 1323 humanae
951 1279 1273 1323 inconstantiam
1301 1295 1426 1342 expe-

139 1383 234 1428 dire
249 1383 367 1426 nullo
380 1382 507 1426 modo
523 1397 641 1441 posse
656 1391 699 1426 et
716 1382 761 1424 in
776 1381 944 1425 illarum
956 1397 1098 1426 rerum
1111 1377 1316 1442 reponere
1336 1399 1423 1428 nu—

136 1501 253 1530 mero
270 1520 282 1538 ‚
312 1499 445 1545 quae,
480 1500 590 1529 cums
607 1500 674 1529 eas
702 1485 795 1529 fieri
822 1484 992 1540 videas,
1035 1485 1308 1531 difficillimos
1351 1497 1421 1533 ta-

133 1606 232 1635 men
257 1589 486 1650 explicatus
513 1568 687 1634 habent.
721 1586 881 1632 Verum
910 1587 1037 1642 licet,
1072 1589 1284 1649 quomodo
1316 1606 1420 1651 age-

134 1712 179 1740 re
199 1731 210 1749 ,
243 1712 320 1755 pro
352 1694 494 1739 indole
526 1695 598 1738 sua
615 1728 627 1747 ,
661 1693 812 1738 Aratus
844 1693 904 1737 ita
940 1692 1155 1752 potuerit,
1188 1693 1254 1736 vix
1282 1693 1421 1753 expli-

136 1798 321 1844 candum
355 1812 547 1841 censeam
565 1831 578 1850 ,
612 1810 796 1856 quonam
828 1795 960 1854 egerit
992 1794 1164 1839 consilio
1183 1828 1195 1848 ,
1229 1795 1391 1840 facilius
1409 1832 1420 1850 ,

132 1903 177 1947 ni
214 1902 366 1957 fallor,
412 1900 684 1961 intelligetur.
749 1898 810 1943 Ex
853 1914 936 1960 quo
979 1897 1180 1943 nimirum
1209 1896 1347 1942 alieno
1379 1915 1421 1943 se

133 2007 408 2069 Achaeosque
438 2003 667 2050 tradiderat
698 2002 877 2064 imperio
895 2039 907 2056 ,
939 2001 1021 2044 hoc
1051 2000 1091 2045 ei
1119 2009 1309 2047 constans
1325 2016 1422 2065 pro-

126 2112 311 2172 positum
349 2110 454 2162 fuit,
502 2117 575 2162 ut,
624 2107 763 2169 quoad
807 2107 892 2151 vita
936 2114 1216 2167 suppeteret,
1259 2107 1411 2149 insueti

128 2216 264 2259 oneris
293 2213 539 2275 gravitatem
568 2210 841 2272 popularibus
868 2209 950 2253 suis
978 2208 1213 2253 sublevaret
1246 2208 1407 2252 timen-

130 2316 319 2376 dumque
348 2315 587 2360 Macedonis
611 2316 835 2360 arbitrium
862 2331 886 2358 a
915 2315 1049 2375 patria
1078 2329 1149 2357 sua
1170 2347 1181 2368 ‚
1215 2329 1291 2374 pro
1316 2314 1417 2358 viri-

180 2501 212 2533 Ι)
262 2500 307 2535 V.
333 2499 439 2536 Arati
464 2514 497 2536 c.
522 2500 651 2538 XLIII.

179 2573 212 2605 2)
263 2568 421 2617 Thucyd.
449 2568 503 2605 11.
526 2582 558 2605 c.
583 2572 642 2606 43.

176 2643 209 2675 5)
261 2640 303 2674 V.
333 2641 449 2679 Bruti.
475 2654 506 2677 c.
533 2641 631 2677 XXX.
