1630 3217
742 268 829 309 143

142 408 415 469 mpentinnm
471 416 662 451 exortum
713 407 913 465 juvenem
932 437 946 459 ,
999 403 1275 449 intentissima
1327 405 1428 448 cura

148 516 516 577 prosperrimoque
558 525 749 556 successu
782 511 827 555 in
869 523 921 554 eo
948 516 1200 569 occupatum
1218 541 1231 562 ,
1270 517 1316 553 ut
1344 525 1430 571 po..

149 626 340 663 testatem
370 616 485 659 illam
524 612 788 674 gloriamque
806 643 821 666 ,
865 612 1067 657 diuturno
1094 611 1235 656 labore
1265 613 1429 673 quaesi-

148 726 236 761 tam
252 749 266 772 ,
305 717 525 760 subrueret
540 748 555 769 ‚
602 724 651 760 ut
678 714 904 775 imperium
932 715 986 759 ad
1015 724 1184 761 tantum
1216 717 1429 776 fastigium

147 821 205 865 ab
242 819 315 863 illo
358 828 551 863 evectum
593 825 636 862 et
679 816 842 861 tamdiu
879 817 1099 877 splendide
1141 796 1429 870 vindicatum,

149 921 316 966 insolita
346 920 518 967 audacia
534 954 547 975 ,
580 919 626 964 in
654 928 787 965 semet
811 919 950 980 ipsum
981 919 1257 972 transferret,
1305 934 1431 963 coro-

149 1038 354 1083 namque,
415 1031 463 1067 ut
502 1024 561 1067 ita
600 1023 740 1084 dicam
760 1057 772 1076 ,
821 1024 935 1067 illius
991 1024 1122 1084 capiti
1167 1024 1427 1077 detractam,

150 1124 369 1170 exsultanti
405 1126 486 1168 sibi
519 1134 562 1170 et
601 1125 866 1185 superbienti
907 1126 1158 1185 imponeret.
1220 1125 1329 1170 Nam
1354 1125 1431 1170 ubi

150 1242 334 1272 summae
355 1242 498 1271 rerum
523 1227 791 1289 praefuturus
816 1225 1060 1271 Cleomenes
1082 1235 1201 1281 erat,
1234 1227 1288 1271 de
1314 1226 1434 1271 Arati

148 1331 399 1375 auctoritate
427 1337 594 1373 tantum
620 1343 706 1373 non
732 1337 874 1374 actum
906 1329 996 1374 fore
1015 1362 1028 1383 ,
1073 1329 1294 1375 verisimili
1334 1345 1431 1375 sane

150 1432 393 1493 conjectura
438 1430 725 1491 unusquisque
774 1431 937 1492 assequi
987 1439 1187 1492 poterat,
1244 1448 1353 1492 quae
1395 1433 1430 1476 si

152 1535 298 1579 leviter
336 1534 590 1594 placideque
635 1533 836 1594 nullaque
886 1533 1046 1578 invidia
1084 1544 1249 1581 vexatus
1265 1569 1276 1589 ,
1317 1537 1429 1580 ferre

151 1638 369 1693 valuisset,
428 1638 483 1683 de
522 1638 651 1683 stoico
691 1637 878 1698 sapiente
905 1671 918 1692 ,
983 1654 1180 1684 reverane
1221 1640 1268 1683 iu
1306 1639 1432 1684 rebus

153 1740 348 1788 humanis
374 1750 532 1789 exstare
555 1741 716 1802 possit,
744 1740 839 1801 quis
868 1739 1047 1801 amplius
1076 1739 1280 1785 dubitet?
1343 1739 1433 1802 Ap-

154 1840 234 1885 tius
252 1873 263 1893 ,
296 1841 349 1883 ad
376 1842 685 1901 generosiorum
712 1850 826 1886 certe
866 1843 1053 1887 virorum
1083 1843 1269 1887 indolem
1294 1844 1436 1904 expri-

154 1943 379 1999 mendam,
412 1942 679 2004 Thucydides
707 1944 736 1991 l.
767 1944 827 1991 II.
857 1959 896 1992 c.
926 1946 1009 1993 44:
1045 1947 1092 1989 τὸ
1113 1948 1191 2004 γὰρ
1213 1945 1432 2003 φιλότιμον

153 2050 317 2107 ἀγήρων
341 2029 470 2106 μόνοι)
499 2051 571 2093 καὶ
596 2050 672 2093 οὐκ
701 2052 747 2094 ἐν
777 2054 836 2108 τῷ
878 2027 1030 2108 ἄχρξίῳ
1066 2054 1139 2105 τῆς·
1179 2049 1345 2106 ἡλικίας
1384 2052 1433 2094 τὸ

155 2152 385 2209 κερδαίνειν
407 2152 570 2209 μᾶλλον
600 2152 741 2210 τέρπει
758 2186 772 2207 ,
804 2153 915 2197 ἀλλὰ
942 2156 989 2198 τὸ
1018 2159 1237 2210 τιμᾶσθαι.
1268 2181 1323 2190 -·

216 2252 352 2314 Hujus
393 2253 592 2318 equidem
618 2254 728 2308 viri,
767 2252 847 2299 hac
885 2254 931 2299 in
959 2270 1109 2311 causa,
1152 2255 1432 2317 patrocinium

156 2357 364 2417 suscipere
401 2359 560 2406 nolim:
607 2367 922 2414 verumtamen,
953 2358 1041 2402 sine
1070 2358 1132 2403 ira
1169 2367 1240 2403 aut
1267 2358 1431 2411 studio,

160 2475 209 2505 ex
243 2460 395 2509 summi
432 2463 615 2509 auctoris
650 2472 904 2526 praecepto,
951 2462 1272 2522 humaniterque
1289 2493 1303 2515 ,
1348 2475 1433 2504 non

155 2564 305 2611 acerbe
330 2598 342 2618 ,
389 2571 438 2608 ut
479 2566 568 2626 ipse
613 2564 765 2614 Aratus
796 2569 895 2627 jure
938 2566 1160 2629 postulavit
1189 2601 1202 2621 ,
1241 2582 1306 2611 res
1342 2563 1432 2624 ejus
