1630 3217
805 330 890 373 132

198 472 379 517 maxime
400 471 623 532 indignum
650 469 817 517 admisit
848 471 1000 517 Aratus
1019 507 1031 525 ,
1065 452 1170 533 qui,
1204 473 1248 517 in
1271 473 1475 521 auxilium

196 577 276 621 sibi
319 593 524 623 arcessens
568 578 826 637 Antigonum
845 611 858 631 ,
904 577 1122 637 copiisque
1175 588 1217 624 et
1255 580 1476 640 praesidi-is

197 680 480 727 Macedonicis
495 715 507 735 ,
534 696 632 725 cum
651 682 872 727 Gallorum
890 682 1219 743 Illyriorumque
1245 686 1448 730 comitatu
1463 719 1478 739 ‚

197 784 534 846 Peloponnesum
576 785 754 847 implens
773 820 786 842 ,
836 786 1081 831 servitutem
1117 786 1255 831 denuo
1283 788 1480 834 barbari-

197 906 351 953 emque
394 891 588 935 inillam
630 889 845 950 regionem
882 888 1101 936 invexerit.
1178 889 1270 934 Hoc
1311 898 1449 934 autem
1468 925 1483 945 ,

198 993 285 1047 ait,
334 993 514 1053 patravit
547 993 591 1037 vis
607 1027 619 1047 ‚
671 993 746 1053 qui
765 989 796 1047 ‚'
826 994 1019 1038 omnibus
1063 994 1229 1054 regibus
1272 1004 1483 1056 suspectus

199 1106 327 1157 atque
350 1097 560 1150 infensus,
592 1097 781 1156 frangere
797 1096 1076 1141 Macedonum
1093 1112 1193 1157 opes
1219 1096 1479 1157 impensissi-

195 1212 270 1253 ,mo
296 1197 436 1241 studio
459 1197 755 1242 connitebatur
783 1207 825 1243 et
850 1198 951 1242 huic
975 1198 1186 1258 Antigono
1214 1198 1330 1243 mille
1358 1215 1481 1245 com-

198 1302 502 1345 mentariorum
546 1315 715 1346 suorum
757 1300 858 1344 locis
901 1301 1137 1346 obtrectat:
1188 1300 1325 1345 hostes
1366 1301 1479 1345 idem

198 1413 379 1449 armatos
405 1405 457 1447 in
482 1405 663 1464 patriam
685 1405 943 1463 Penatesque
972 1419 1064 1448 suos
1082 1437 1094 1457 ‚
1129 1404 1182 1447 ad
1223 1420 1478 1463 gynaeceum

199 1524 331 1570 usque
351 1542 363 1563 ,
400 1507 606 1563 adducit,
654 1507 810 1553 blando
839 1509 1043 1554 sociorum
1080 1509 1251 1553 nomine
1289 1509 1479 1555 dominos

197 1612 381 1673 imponit
420 1611 673 1657 civitatibus.
751 1611 909 1672 Regem
950 1626 1047 1656 vero
1090 1610 1375 1674 Spartanum,
1423 1613 1477 1656 ab

195 1716 379 1760 Hercule
413 1719 648 1776 (tamquam
672 1732 696 1759 a
726 1717 907 1775 genuina
935 1717 1082 1776 stirpe)
1117 1716 1371 1768 oriundum,
1402 1716 1478 1776 qui

194 1823 349 1866 avitam
376 1821 638 1881 reipublicae
668 1821 870 1874 formam,
919 1819 1049 1863 veluti
1083 1804 1271 1863 solutum'
1311 1818 1476 1862 instau-

192 1924 324 1969 rando
369 1933 621 1969 concentum
640 1959 652 1979 ‚
699 1922 903 1968 Doricum
930 1921 1050 1967 illum
1079 1921 1261 1982 Lycurgi
1298 1920 1472 1965 modum

191 2027 405 2088 vitamque
447 2035 755 2095 temperantem
788 2027 1005 2088 repetebat
1025 2061 1037 2081 ,
1082 2027 1157 2087 qui
1183 2026 1471 2086 principatum

190 2134 271 2179 sibi
287 2134 340 2177 ab
357 2131 535 2177 Achaeis
564 2131 718 2176 deferri
746 2131 805 2174 ita
833 2129 1056 2190 cupiebat,
1084 2137 1161 2182 ut,
1196 2130 1282 2188 ejus
1303 2127 1472 2171 honoris

191 2238 455 2298 nominisque
475 2237 607 2299 gratia
627 2272 639 2292 ,
672 2237 804 2281 multa
830 2252 874 2281 se
898 2237 1074 2281 urbibus
1099 2235 1303 2280 beneficia
1325 2249 1470 2294 praes-

189 2340 369 2385 titurum
402 2355 486 2384 esse
510 2341 782 2403 ¹profiteretur
802 2375 813 2394 ‚
860 2340 1154 2400 Sicyoniorum
1194 2348 1238 2383 et
1283 2339 1471 2384 Tritaeo·

191 2457 287 2487 rum
330 2443 484 2487 ducem
528 2441 655 2487 scribi
685 2441 906 2503 indignum
941 2449 1080 2503 putat.
1143 2442 1345 2497 Scilicet,
1385 2443 1470 2488 sive

191 2545 385 2592 diffidens
428 2546 647 2593 Cleomeni
687 2556 890 2609 metuque
931 2548 1197 2609 compulsus,
1228 2547 1330 2593 ‘sive
1358 2546 1473 2609 quod

184 2651 408 2711 insperatis
454 2654 540 2710 ejus
598 2652 804 2697 invideret
857 2654 1109 2699 successibus
1164 2652 1472 2713 indignumque
