1630 3217
788 289 870 330 183

183 435 385 481 militibus
403 468 414 488 ‚
464 433 591 476 fidem
623 427 685 474 ibi
711 428 971 490 relinquere,
1004 438 1046 473 et
1072 444 1147 490 per
1176 427 1283 472 hanc
1307 426 1461 475 Messe-

181 541 271 584 nios
310 537 520 584 custodire
564 543 605 579 et
649 534 830 594 reliquos
861 533 1018 594 pariter
1047 533 1226 579 socioS.''
1287 532 1459 593 Philip-

180 658 282 702 pus,
316 642 374 685 ita
400 637 616 702 subjungit
637 636 836 696 Polybius
854 669 866 690 ‚
899 637 932 681 si
963 637 1105 682 animo
1140 651 1214 682 suo
1239 631 1459 684 obsecutus

177 751 279 787 esset
299 776 309 796 ,
338 742 468 789 fidem
492 739 704 799 fregisset,
737 738 844 783 sicut
869 754 918 785 ex
934 738 984 783 iis
1000 771 1012 792 ‚
1047 754 1153 798 quae
1177 738 1328 786 deinde
1351 739 1457 799 egit,

176 843 315 902 palam
355 851 416 888 est
445 841 628 911 factum:
671 849 712 886 at
738 855 834 885 vero
853 875 865 894 ,
899 840 1062 902 pudore
1088 839 1298 886 cohibitus
1325 850 1368 886 et
1387 857 1457 885 ve-

173 946 254 990 luti
268 943 387 990 Arati
400 944 630 991 rationibus
643 944 854 999 subactus,
868 959 997 990 manu
1010 944 1164 991 iterum
1175 945 1263 1006 ejus
1272 945 1455 1005 arrepffi,

171 1062 309 1092 arcem
335 1046 575 1108 relinquens
608 1081 638 1101 „
670 1046 817 1093 effidem
845 1046 1003 1107 igitur''
1037 1048 1175 1107 inquit
1224 1081 1254 1102 „
1272 1049 1354 1109 qu&
1381 1062 1450 1092 ve-

166 1153 302 1195 nimus
330 1152 421 1219 riti,
454 1151 721 1197 redeamus.''
762 1146 799 1193 ¹)

226 1253 323 1299 Fuit
354 1252 421 1298 illa
448 1254 637 1315 profecto
664 1259 884 1312 tamquam
913 1267 1074 1312 cycnea
1098 1253 1344 1314 praeclari
1373 1250 1449 1295 Ιιο-

163 1357 300 1398 mim's
337 1370 422 1398 vox
466 1362 594 1415 atque
643 1358 792 1401 oratio
819 1371 833 1398 :
895 1370 943 1401 ex
986 1355 1069 1401 hoo
1106 1357 1218 1402 enim
1262 1364 1448 1416 tempore

164 1475 227 1504 res
254 1460 372 1504 Arati
401 1460 445 1504 in
471 1459 702 1520 perniciem
729 1430 872 1504 ruunt.
936 1461 1032 1505 Mox
1046 1461 1239 1519 cognovit
1254 1460 1442 1520 Philippi

165 1564 209 1606 in
247 1564 388 1608 Iovem
430 1564 691 1624 Hospitalem
716 1565 925 1609 nefarium
954 1564 1143 1611 crimen:
1179 1564 1249 1609 sed
1274 1579 1444 1609 suorum

162 1664 391 1712 ulciscendi
442 1667 741 1714 contumeliam
793 1666 909 1716 nulla
961 1677 1141 1729 potestas
1192 1673 1247 1732 Ξ).
1325 1668 1445 1713 Vidit

163 1769 342 1814 eundem
361 1803 373 1824 ,
407 1770 686 1831 praecipitem
714 1770 895 1815 amentia
912 1804 926 1824 ,
959 1771 1147 1817 civitates
1180 1770 1358 1816 Graecas
1372 1772 1444 1816 in-

159 1872 377 1917 festantem
407 1873 535 1933 inque
565 1872 655 1916 dies
678 1873 809 1932 magis
836 1874 1185 1918 conturbantem:
1220 1874 1292 1916 sed
1319 1874 1442 1917 auxi—

158 1973 206 2018 lii
241 1975 323 2019 suis
366 1975 528 2021 ferendi
573 1975 705 2021 fracta
734 1990 842 2038 spes,
913 1974 1039 2022 Illum
1062 1972 1170 2019 mihi
1198 1974 1440 2036 conspicere

155 2077 298 2123 videor
315 2112 326 2132 ,
370 2078 484 2125 tristi
529 2078 726 2139 languore
765 2086 809 2124 et
844 2076 1136 2140 desperatione
1163 2087 1403 2139 correptum
1422 2114 1435 2134 ,

153 2192 292 2230 mente
316 2199 449 2247 paene
475 2185 701 2232 alienatum
732 2185 1039 2241 dolore,vitam
1056 2185 1291 2232 trahentem
1304 2188 1432 2231 morti

193 2443 226 2487 ¹)
272 2445 367 2482 Plut.
393 2449 429 2484 in
455 2450 500 2486 V.
525 2464 556 2488 e.
582 2452 624 2488 L.
648 2451 771 2498 Polyb.
799 2453 834 2488 in
863 2453 1022 2501 reliquiis
1060 2455 1083 2488 1.
1115 2455 1193 2491 VH.
1235 2468 1265 2489 c.
1309 2457 1348 2490 ll
1389 2463 1423 2489 et

148 2513 272 2550 strabo
297 2514 354 2551 1.l.

141 2647 143 2650 v
190 2601 223 2636 2)
272 2602 314 2639 V.
343 2606 406 2641 Ar.
431 2618 462 2642 c.
489 2605 549 2643 LI.
574 2607 621 2643 cf.
647 2607 782 2645 Livius.
807 2608 949 2646 XXVII.
980 2612 1038 2648 31.
