1630 3217
753 249 811 293 72

134 409 231 439 vere
257 392 486 456 dijudicari
515 393 702 457 possint:
752 407 828 455 age
848 427 859 448 ,
894 392 1029 456 qualis
1045 393 1185 439 fuerit
1201 426 1214 448 ‚
1264 407 1434 456 perves-

132 500 336 560 tigemus,
360 498 554 560 quidque
567 499 778 551 molienS‚
808 500 1172 559 opportunitatem
1187 500 1433 561 praebuerit

136 608 267 650 Arato
283 638 296 658 ‚
338 614 386 649 ut
429 604 610 649 foederis
637 603 818 648 Achaici
856 611 1145 664 propugnator
1173 604 1402 650 acerrimus
1416 636 1431 660 ,

135 704 472 768 desperatissimo
499 705 697 767 perfugio
724 720 821 750 usus
838 737 851 759 ,
893 720 997 767 opus
1026 705 1118 766 ipse
1146 721 1271 751 suum
1285 740 1298 761 ‚
1345 716 1433 752 tam

135 810 317 858 arduum
343 811 452 858 illud
474 820 648 874 tamque
666 808 933 875 praeclarum
950 845 962 866 ‚
994 826 1125 856 manu
1145 810 1260 855 velut
1277 810 1432 873 impia,

138 917 371 979 infringere
397 918 638 962 sustineret.
706 913 815 961 Cum
843 929 944 960 vero
976 923 1020 961 et
1053 914 1098 959 in
1123 915 1240 959 omni
1266 915 1435 976 exposi-

135 1021 255 1067 tione
285 1021 489 1068 historica
528 1022 715 1088 graviori
746 1031 788 1067 et
816 1022 1023 1076 maxime,
1068 1021 1146 1066 uhi
1170 1021 1224 1065 de
1247 1022 1435 1067 virorum

133 1125 365 1172 illustrium
388 1127 487 1173 fatis
517 1143 752 1189 eorumque
777 1128 967 1173 moribus
1000 1125 1310 1189 perscrutandis
1338 1126 1435 1186 agi-

135 1237 233 1286 tur,
261 1232 361 1292 jure
381 1230 647 1293 postulatur,
674 1238 746 1285 ut,
773 1230 1029 1293 quibusnam
1050 1238 1242 1274 auctores
1264 1228 1438 1274 testibus

132 1335 197 1379 usi
242 1348 435 1398 quosque
484 1335 613 1381 duces
653 1336 816 1390 secuti,
862 1351 935 1379 sua
974 1333 1256 1389 tradiderint,
1305 1349 1434 1395 quam

132 1434 331 1498 religiose
367 1437 638 1499 inquiratur:
699 1437 753 1483 ad
792 1453 937 1483 meum
976 1443 1147 1498 quoque
1192 1437 1434 1483 institutum

132 1541 350 1603 pertinere
387 1541 455 1586 vel
499 1541 684 1587 maxime
723 1542 900 1597 censui,
948 1541 1118 1601 Polybii
1145 1551 1188 1588 et
1217 1542 1435 1588 Plutarchi

135 1644 192 1690 de
236 1645 357 1689 Arati
398 1645 528 1689 rebus
556 1654 685 1706 atque
717 1645 956 1690 Cleomenis
1000 1645 1154 1690 tradita
1171 1680 1183 1699 ,
1230 1645 1347 1707 quali
1385 1660 1435 1689 ex

137 1749 258 1796 fonte
276 1750 520 1804 manarint,
555 1749 757 1811 indagare
784 1750 929 1796 sedulo
951 1751 1182 1813 paucisque
1208 1766 1432 1813 exponere.
