1630 3217
793 267 889 309 1‘19'

185 425 327 471 caque
369 410 503 453 levior
546 416 665 452 erat..>
698 407 863 467 *Longe
922 414 1034 449 certe
1089 405 1302 467 operosius
1350 405 1434 450 fuit
1449 441 1475 460 ‚..

183 515 447 562 Achaeorum
494 510 679 562 animos,
728 510 781 554 ad
825 508 1131 570 Spartanorum
1169 515 1305 567 partes
1333 507 1467 570 magis

182 619 394 679 magisque
421 614 680 660 declinantes
698 647 711 668 ‚
744 614 829 657 sive
852 612 1051 659 deductos
1076 612 1176 657 inde
1191 647 1204 668 ‚
1237 613 1320 658 sive
1346 615 1463 659 avul-

180 736 242 764 sos
260 752 273 774 ‚
332 717 385 768 ad
437 728 714 765 communemj
765 716 966 762 Graeciae
1012 717 1176 762 hostem
1191 750 1203 771 ,
1251 718 1313 777 (id
1351 719 1468 762 enim

184 839 326 870 omnes
366 824 568 868 tenebant
586 822 618 881 ,)
666 797 904 876 adducere·,
951 837 1091 882 neque
1132 831 1274 866 tamen
1306 822 1467 881 patriae

182 934 329 972 causae
357 926 467 972 male
500 926 740 981 consulere,
793 927 866 971 sed
895 927 948 971 de
977 942 1147 972 suorum
1190 925 1322 971 salute
1350 925 1471 971 solli-

182 1031 290 1078 citus
314 1047 399 1076 esse
422 1030 574 1077 videri.
609 1030 763 1078 Omnia
792 1031 908 1076 enim
930 1031 992 1076 sic
1015 1029 1259 1075 instruenda
1288 1037 1333 1074 et
1359 1028 1471 1072 diri-

179 1132 314 1195 genda
331 1167 343 1187 ‚
377 1133 436 1178 sic
464 1132 864 1192 Peloponnesiorum
879 1133 1166 1194 pertractandi
1181 1133 1312 1177 animi
1326 1125 1469 1186 erant,

181 1246 230 1282 ut
245 1269 259 1290 ‚
291 1252 370 1297 pro
395 1236 660 1290 Macedone,
709 1244 854 1280 contra
884 1237 1103 1281 Graeciam
1122 1271 1134 1291 ‚
1178 1235 1292 1280 haud
1322 1235 1447 1279 inviti
1463 1267 1490 1288 ‚.

183 1347 372 1394 starent,
419 1315 560 1400 neque
599 1339 757 1400 injuria
802 1338 960 1393 „valde
1000 1340 1177 1383 timebat
1194 1371 1209 1393 ‚
1254 1346 1476 1400 postquam

183 1458 294 1497 „rex
350 1441 593 1487 advenisset
633 1452 677 1488 et
726 1442 996 1488 Cleomenem
1044 1443 1480 1503 Lacedaemoniosque

184 1543 509 1598 ‚‚debellassetz,
558 1544 594 1588 si
632 1545 820 1606 iniquius
848 1545 1001 1589 deinde
1026 1544 1188 1605 aliquid
1236 1546 1473 1590 consuleret

134 1649 136 1651 ’
183 1646 421 1701 „adversus
468 1662 748 1693 communem
798 1649 989 1707 ipsorum
1033 1647 1340 1708 rempublicam
1360 1681 1373 1702 ,
1420 1662 1486 1692 ne-

183 1751 329 1806 „mali
359 1751 491 1797 totius
517 1765 653 1796 causa
682 1751 764 1796 sibi
794 1759 898 1798 tunc
921 1751 998 1797 uni
1025 1751 1333 1798 adscriberetur
1350 1787 1363 1807 ,
1406 1761 1475 1797 at—

184 1869 309 1914 „que
336 1870 479 1898 omnes
502 1856 562 1898 ita
591 1854 836 1914 judicarent
854 1889 867 1909 ,
906 1856 1003 1914 jure
1031 1855 1076 1899 id
1108 1842 1368 1916 Antigonum
1405 1857 1475 1900 fa-

183 1970 322 2011 ,‚cere
338 1990 351 2011 ‚
396 1962 570 2017 propter
612 1955 817 2017 insignem
857 1956 1056 2016 injuriam
1073 1989 1086 2010 ,
1134 1959 1257 2018 capta
1287 1956 1474 2002 Acroco-

181 2060 372 2118 „rintho
397 2094 408 2115 ,
456 2061 625 2121 regibus
667 2059 949 2106 Macedonum
974 2093 986 2114 ‚
1043 2076 1085 2104 se
1128 2067 1326 2113 auctore,
1372 2060 1472 2104 illa-

186 2174 320 2219 „tam
372 2159 459 2213 ¹).''
507 2192 567 2200 —-
628 2163 813 2210 Consilio
871 2166 999 2210 etiam
1048 2165 1307 2228 perficiendo
1357 2164 1475 2211 haud

184 2268 410 2315 minimum
434 2270 642 2316 obstitisse
669 2269 803 2316 Arato
829 2269 1051 2315 videbatur
1070 2305 1082 2325 ,
1116 2270 1231 2333 quod
1250 2269 1476 2333 aegerrime

186 2387 235 2416 eo
279 2374 535 2433 perductum
561 2377 615 2423 iri
655 2377 843 2424 crederet
888 2378 1147 2439 Antigonum
1166 2412 1179 2434 ,
1230 2386 1279 2425 ut
1318 2379 1370 2424 ad
1415 2390 1489 2422 res-

238 2597 272 2628 Ι)
321 2594 372 2631 Π.
400 2598 459 2632 50.
