1630 3217
706 283 761 322 57

97 435 202 473 saret
217 462 229 483 ,
257 425 454 472 'Achaeis
483 423 674 484 adjunxit
704 423 853 484 ibique
882 421 1138 466 Nemeorum
1162 419 1281 489 ludos
1312 422 1383 465 in-

99 532 312 577 stauravit.
376 528 461 574 Hic
491 532 638 571 autem
659 525 794 571 nimio
822 523 1057 585 tyrannidis
1079 522 1175 568 odio
1210 523 1388 570 ductum

99 626 278 670 Aratum
314 618 686 682 deprehendimus.
755 616 864 663 Cum
906 617 1019 662 enim
1046 615 1193 677 Argivi
1217 632 1386 678 quoque

97 725 218 771 solita
264 725 528 769 celebrarent
569 722 799 768 certamina
818 754 831 776 ,
878 722 1122 784 quicunque
1142 721 1261 782 Argis
1288 736 1387 766 cer-

97 837 251 874 tassent
276 843 439 889 perque
469 825 734 871 Achaeorum
774 816 1150 886 proficiscerentur
1171 825 1358 886 regiones
1374 858 1388 878 ,

102 935 217 996 capti
242 934 296 979 ab
321 949 371 978 eo
399 942 442 978 et
470 941 687 994 tamquam
714 930 853 976 hostes
889 929 1051 975 venditi
1092 938 1207 977 sunt.
1272 927 1390 973 Tunc

100 1040 286 1100 primum
301 1070 315 1091 ,
355 1037 470 1099 quod
506 1038 605 1097 jure
643 1034 875 1079 dolendum
894 1068 906 1088 ,
937 1042 1108 1079 auctore
1131 1030 1361 1077 Plutarcho
1376 1067 1389 1086 ‚

96 1143 201 1188 fides
223 1141 396 1203 publica
425 1149 552 1201 atque
594 1138 795 1182 securitas
810 1171 821 1190 ,
855 1136 1097 1181 certaminis
1123 1135 1241 1179 sociis
1270 1135 1388 1179 anti-

98 1245 241 1305 quitus
263 1258 459 1296 concessa
476 1276 489 1297 ‚
516 1240 779 1287 violatasest.

165 1348 421 1411 Argivorum
479 1346 580 1393 urbs
640 1345 866 1408 quominus
908 1353 1129 1406 caperetur
1158 1379 1171 1400 ,
1211 1344 1392 1391 maxime

99 1457 229 1503 etiam
257 1455 495 1503 obstabant
536 1454 819 1501 Macedonum
857 1454 903 1499 in
939 1453 1227 1515 Peloponneso
1253 1453 1389 1507 vires,

101 1576 151 1605 eo
177 1572 349 1623 quoque
389 1569 582 1621 tempore
621 1557 738 1602 haud
768 1556 1103 1609 contemnendae
1140 1550 1194 1602 Ι).
1260 1559 1390 1601 Arato

102 1663 240 1718 enim,
288 1678 387 1707 cum
429 1663 601 1723 tyranni
641 1663 782 1706 denuo
824 1662 956 1723 copiis
1005 1677 1223 1724 congresso
1240 1697 1251 1716 ,
1299 1671 1394 1723 post

102 1776 361 1828 reportatam
398 1767 622 1813 victoriam
653 1766 919 1828 splendidam
934 1802 946 1821 ,
994 1768 1143 1812 urbem
1189 1782 1396 1828 occupare

102 1871 342 1929 contigisset
360 1903 373 1924 ,
419 1871 500 1915 nisi
548 1886 673 1924 mox,
723 1884 842 1916 caeso
884 1871 1101 1934 Aristippo
1116 1905 1129 1925 ,
1190 1872 1315 1934 Agias
1354 1880 1397 1916 et

99 1971 416 2017 Aristomachus
445 1972 585 2017 minor
617 1987 713 2017 cum
743 1973 931 2018 exercitu
956 1973 1003 2016 in
1029 1973 1148 2017 illam
1176 1974 1394 2034 regionem

99 2076 317 2121 irruissent
358 2076 567 2138 rebusque
609 2076 738 2137 potiti
783 2076 972 2123 fuissent.
1050 2076 1153 2123 Sero
1190 2077 1395 2134 demum,

101 2196 206 2227 cum
239 2182 476 2236 Demetrii,
526 2182 600 2243 qui
641 2181 855 2242 Antigono
893 2182 1078 2227 Gonatae
1118 2193 1367 2229 successerat
1382 2217 1395 2237 ,

149 2378 181 2410 1)
230 2368 398 2406 Mannert
420 2368 448 2407 l.
472 2368 500 2407 1.
548 2369 724 2406 observat
745 2369 840 2408 idem
860 2369 1092 2408 Macedonum
1109 2396 1119 2413 ‚
1154 2371 1393 2420 possessiones

101 2436 139 2471 in
161 2436 329 2481 Argolide
354 2446 437 2475 tunc
465 2438 631 2486 inprimis
655 2439 791 2485 fuisse3
833 2441 870 2476 in
896 2441 1105 2476 memoriam
1141 2450 1258 2478 autem
1283 2441 1390 2479 lecto-

104 2501 203 2538 ribus
230 2505 467 2541 revocandum
492 2514 570 2549 est,
606 2506 829 2555 Epidaurum
852 2516 888 2545 et
910 2508 1120 2546 -Troezenen
1135 2535 1146 2552 ,
1187 2510 1272 2547 duas
1300 2510 1394 2546 illius

103 2574 257 2621 regionis
292 2574 397 2611 urbes
431 2576 647 2622 primarias,
700 2579 825 2616 statim
858 2587 939 2626 post
983 2581 1247 2627 occupationem
1285 2582 1395 2614 Acro-

107 2644 272 2681 Corinthi
288 2669 297 2687 ,
324 2645 367 2680 ad
401 2644 622 2682 Achaeorum
645 2646 716 2691 jam
741 2647 866 2693 partes¹
884 2648 1083 2686 transiisse.
