<?xml version="1.0" encoding="UTF-8"?>
<!DOCTYPE html PUBLIC "-//W3C//DTD XHTML 1.0 Transitional//EN"
    "http://www.w3.org/TR/xhtml1/DTD/xhtml1-transitional.dtd">
<html xmlns="http://www.w3.org/1999/xhtml" xml:lang="en" lang="en">
 <head>
  <title>
</title>
<meta http-equiv="Content-Type" content="text/html;charset=utf-8" />
  <meta name='ocr-system' content='tesseract 3.04.00' />
  <meta name='ocr-capabilities' content='ocr_page ocr_carea ocr_par ocr_line ocrx_word'/>
</head>
<body>
  <div class='ocr_page' id='page_1' title='image "4737160_0179.png"; bbox 0 0 1630 3217; ppageno 0'>
   <div class='ocr_carea' id='block_1_1' title="bbox 792 305 877 351">
    <p class='ocr_par' dir='ltr' id='par_1_1' title="bbox 792 305 877 351">
     <span class='ocr_line' id='line_1_1' title="bbox 792 305 877 351; baseline -0.012 -1"><span class='ocrx_word' id='word_1_1' title='bbox 792 305 877 351; x_wconf 84' lang='lat'><strong>152</strong></span> 
     </span>
    </p>
   </div>
   <div class='ocr_carea' id='block_1_2' title="bbox 187 426 1492 1746">
    <p class='ocr_par' dir='ltr' id='par_1_2' title="bbox 187 426 1492 1746">
     <span class='ocr_line' id='line_1_2' title="bbox 196 426 1474 512; baseline 0.004 -20"><span class='ocrx_word' id='word_1_2' title='bbox 196 446 322 510; x_wconf 71' lang='lat' dir='ltr'><strong>quod.</strong></span> <span class='ocrx_word' id='word_1_3' title='bbox 332 447 385 492; x_wconf 88' lang='lat' dir='ltr'><strong>de</strong></span> <span class='ocrx_word' id='word_1_4' title='bbox 413 445 581 490; x_wconf 88' lang='lat' dir='ltr'><strong>Philino</strong></span> <span class='ocrx_word' id='word_1_5' title='bbox 608 426 805 492; x_wconf 46' lang='lat' dir='ltr'>“Fabio</span> <span class='ocrx_word' id='word_1_6' title='bbox 832 448 922 510; x_wconf 89' lang='lat' dir='ltr'><strong>ipse</strong></span> <span class='ocrx_word' id='word_1_7' title='bbox 952 448 1139 494; x_wconf 85' lang='lat' dir='ltr'><strong>tradidit.</strong></span> <span class='ocrx_word' id='word_1_8' title='bbox 1188 440 1292 495; x_wconf 59' lang='lat' dir='ltr'><strong>‘Hos</strong></span> <span class='ocrx_word' id='word_1_9' title='bbox 1312 450 1439 512; x_wconf 81' lang='lat' dir='ltr'><strong>igitur</strong></span> <span class='ocrx_word' id='word_1_10' title='bbox 1457 486 1474 507; x_wconf 82' lang='grc'><em>,</em></span> 
     </span>
     <span class='ocr_line' id='line_1_3' title="bbox 193 550 1470 614; baseline 0.002 -20"><span class='ocrx_word' id='word_1_11' title='bbox 193 551 295 594; x_wconf 86' lang='lat' dir='ltr'><strong>belli</strong></span> <span class='ocrx_word' id='word_1_12' title='bbox 326 550 479 595; x_wconf 90' lang='lat' dir='ltr'><strong>Punici</strong></span> <span class='ocrx_word' id='word_1_13' title='bbox 509 551 546 596; x_wconf 93' lang='grc' dir='ltr'><strong>Ι.</strong></span> <span class='ocrx_word' id='word_1_14' title='bbox 581 552 800 612; x_wconf 83' lang='lat' dir='ltr'><strong>scriptores</strong></span> <span class='ocrx_word' id='word_1_15' title='bbox 819 584 831 604; x_wconf 94' lang='lat'><strong>,</strong></span> <span class='ocrx_word' id='word_1_16' title='bbox 848 553 1066 597; x_wconf 81' lang='lat' dir='ltr'><strong>veritatem</strong></span> <span class='ocrx_word' id='word_1_17' title='bbox 1085 587 1097 607; x_wconf 94' lang='lat'><strong>,</strong></span> <span class='ocrx_word' id='word_1_18' title='bbox 1116 552 1196 613; x_wconf 65' lang='lat' dir='ltr'><strong>qua</strong></span> <span class='ocrx_word' id='word_1_19' title='bbox 1225 552 1308 597; x_wconf 89' lang='lat' dir='ltr'><strong>fide</strong></span> <span class='ocrx_word' id='word_1_20' title='bbox 1339 569 1470 614; x_wconf 89' lang='lat' dir='ltr'><strong>opor-</strong></span> 
     </span>
     <span class='ocr_line' id='line_1_4' title="bbox 191 654 1471 717; baseline 0.004 -21"><span class='ocrx_word' id='word_1_21' title='bbox 191 660 328 707; x_wconf 82' lang='lat' dir='ltr'><strong>teret,</strong></span> <span class='ocrx_word' id='word_1_22' title='bbox 361 668 630 717; x_wconf 84' lang='lat' dir='ltr'><strong>nequaquam</strong></span> <span class='ocrx_word' id='word_1_23' title='bbox 658 654 848 698; x_wconf 89' lang='lat' dir='ltr'><strong>retulisse</strong></span> <span class='ocrx_word' id='word_1_24' title='bbox 878 654 1016 702; x_wconf 86' lang='lat' dir='ltr'><strong>docet.</strong></span> <span class='ocrx_word' id='word_1_25' title='bbox 1084 689 1113 710; x_wconf 92' lang='lat'><strong>,‚</strong></span> <span class='ocrx_word' id='word_1_26' title='bbox 1144 654 1207 700; x_wconf 82' lang='lat' dir='ltr'><strong>Ac</strong></span> <span class='ocrx_word' id='word_1_27' title='bbox 1236 655 1289 700; x_wconf 88' lang='lat' dir='ltr'><strong>de</strong></span> <span class='ocrx_word' id='word_1_28' title='bbox 1327 655 1471 701; x_wconf 87' lang='lat' dir='ltr'><strong>indus-</strong></span> 
     </span>
     <span class='ocr_line' id='line_1_5' title="bbox 190 727 1492 818; baseline 0 -17"><span class='ocrx_word' id='word_1_29' title='bbox 190 757 272 802; x_wconf 70' lang='lat' dir='ltr'><strong>tria</strong></span> <span class='ocrx_word' id='word_1_30' title='bbox 303 757 479 818; x_wconf 89' lang='lat' dir='ltr'><strong>quidem</strong></span> <span class='ocrx_word' id='word_1_31' title='bbox 494 764 538 812; x_wconf 90' lang='lat'><strong>,&#39;&#39;</strong></span> <span class='ocrx_word' id='word_1_32' title='bbox 573 758 657 811; x_wconf 88' lang='lat' dir='ltr'><strong>ait,</strong></span> <span class='ocrx_word' id='word_1_33' title='bbox 695 792 723 811; x_wconf 95' lang='lat'><strong>„</strong></span> <span class='ocrx_word' id='word_1_34' title='bbox 757 759 982 813; x_wconf 88' lang='lat' dir='ltr'><strong>mentitos,</strong></span> <span class='ocrx_word' id='word_1_35' title='bbox 1008 735 1125 803; x_wconf 29' lang='lat' dir='ltr'><strong>&#39;cum</strong></span> <span class='ocrx_word' id='word_1_36' title='bbox 1152 759 1256 803; x_wconf 83' lang='lat' dir='ltr'><strong>vitas</strong></span> <span class='ocrx_word' id='word_1_37' title='bbox 1287 727 1492 818; x_wconf 46' lang='lat' dir='ltr'><strong>ipsorum³</strong></span> 
     </span>
     <span class='ocr_line' id='line_1_6' title="bbox 188 859 1467 921; baseline 0.002 -19"><span class='ocrx_word' id='word_1_38' title='bbox 188 868 229 903; x_wconf 90' lang='lat' dir='ltr'><strong>et</strong></span> <span class='ocrx_word' id='word_1_39' title='bbox 270 868 410 921; x_wconf 86' lang='lat' dir='ltr'><strong>partes</strong></span> <span class='ocrx_word' id='word_1_40' title='bbox 453 876 553 920; x_wconf 88' lang='lat' dir='ltr'><strong>quas</strong></span> <span class='ocrx_word' id='word_1_41' title='bbox 593 859 725 902; x_wconf 88' lang='lat' dir='ltr'><strong>secuti</strong></span> <span class='ocrx_word' id='word_1_42' title='bbox 767 866 863 901; x_wconf 90' lang='lat' dir='ltr'><strong>sunt</strong></span> <span class='ocrx_word' id='word_1_43' title='bbox 881 890 893 911; x_wconf 92' lang='lat'><strong>,</strong></span> <span class='ocrx_word' id='word_1_44' title='bbox 935 869 1077 920; x_wconf 86' lang='lat' dir='ltr'><strong>specto</strong></span> <span class='ocrx_word' id='word_1_45' title='bbox 1096 896 1107 916; x_wconf 94' lang='lat'><strong>,</strong></span> <span class='ocrx_word' id='word_1_46' title='bbox 1140 876 1225 905; x_wconf 88' lang='lat' dir='ltr'><strong>non</strong></span> <span class='ocrx_word' id='word_1_47' title='bbox 1255 860 1467 905; x_wconf 83' lang='lat' dir='ltr'><strong>existimo:</strong></span> 
     </span>
     <span class='ocr_line' id='line_1_7' title="bbox 189 960 1470 1022; baseline 0.003 -16"><span class='ocrx_word' id='word_1_48' title='bbox 189 962 260 1006; x_wconf 85' lang='lat' dir='ltr'><strong>sed</strong></span> <span class='ocrx_word' id='word_1_49' title='bbox 316 962 469 1006; x_wconf 90' lang='lat' dir='ltr'><strong>accidit</strong></span> <span class='ocrx_word' id='word_1_50' title='bbox 525 960 606 1004; x_wconf 89' lang='lat' dir='ltr'><strong>illis</strong></span> <span class='ocrx_word' id='word_1_51' title='bbox 664 960 815 1021; x_wconf 87' lang='lat' dir='ltr'><strong>opinor</strong></span> <span class='ocrx_word' id='word_1_52' title='bbox 833 995 845 1015; x_wconf 94' lang='lat'>‚</span> <span class='ocrx_word' id='word_1_53' title='bbox 896 961 1018 1022; x_wconf 87' lang='lat' dir='ltr'><strong>quale</strong></span> <span class='ocrx_word' id='word_1_54' title='bbox 1073 966 1309 1010; x_wconf 87' lang='lat' dir='ltr'><strong>amantibus</strong></span> <span class='ocrx_word' id='word_1_55' title='bbox 1352 965 1470 1010; x_wconf 87' lang='lat' dir='ltr'><strong>solet.</strong></span> 
     </span>
     <span class='ocr_line' id='line_1_8' title="bbox 189 1064 1475 1127; baseline -0.001 -17"><span class='ocrx_word' id='word_1_56' title='bbox 189 1065 327 1119; x_wconf 90' lang='lat' dir='ltr'><strong>Nam,</strong></span> <span class='ocrx_word' id='word_1_57' title='bbox 358 1066 412 1110; x_wconf 93' lang='lat' dir='ltr'><strong>ob</strong></span> <span class='ocrx_word' id='word_1_58' title='bbox 444 1064 633 1109; x_wconf 86' lang='lat' dir='ltr'><strong>studium</strong></span> <span class='ocrx_word' id='word_1_59' title='bbox 656 1065 843 1125; x_wconf 81' lang='lat' dir='ltr'><strong>partium</strong></span> <span class='ocrx_word' id='word_1_60' title='bbox 868 1071 911 1107; x_wconf 88' lang='lat' dir='ltr'><strong>et</strong></span> <span class='ocrx_word' id='word_1_61' title='bbox 938 1064 1113 1107; x_wconf 82' lang='lat' dir='ltr'><strong>effusum</strong></span> <span class='ocrx_word' id='word_1_62' title='bbox 1157 1064 1202 1107; x_wconf 91' lang='lat' dir='ltr'><strong>in</strong></span> <span class='ocrx_word' id='word_1_63' title='bbox 1249 1064 1475 1127; x_wconf 80' lang='lat' dir='ltr'><strong>Carthagi-</strong></span> 
     </span>
     <span class='ocr_line' id='line_1_9' title="bbox 188 1167 1473 1230; baseline 0.002 -19"><span class='ocrx_word' id='word_1_64' title='bbox 188 1168 352 1212; x_wconf 89' lang='lat' dir='ltr'><strong>nienses</strong></span> <span class='ocrx_word' id='word_1_65' title='bbox 396 1168 580 1212; x_wconf 80' lang='lat' dir='ltr'><strong>favorem</strong></span> <span class='ocrx_word' id='word_1_66' title='bbox 599 1202 611 1221; x_wconf 90' lang='lat'><strong>,</strong></span> <span class='ocrx_word' id='word_1_67' title='bbox 674 1167 841 1211; x_wconf 89' lang='lat' dir='ltr'><strong>Philino</strong></span> <span class='ocrx_word' id='word_1_68' title='bbox 882 1168 1056 1228; x_wconf 88' lang='lat' dir='ltr'><strong>quidem</strong></span> <span class='ocrx_word' id='word_1_69' title='bbox 1100 1169 1241 1213; x_wconf 88' lang='lat' dir='ltr'><strong>omnia</strong></span> <span class='ocrx_word' id='word_1_70' title='bbox 1278 1169 1325 1212; x_wconf 92' lang='lat' dir='ltr'><strong>hi</strong></span> <span class='ocrx_word' id='word_1_71' title='bbox 1364 1185 1473 1230; x_wconf 89' lang='lat' dir='ltr'><strong>pru-</strong></span> 
     </span>
     <span class='ocr_line' id='line_1_10' title="bbox 194 1271 1458 1326; baseline 0.002 -11"><span class='ocrx_word' id='word_1_72' title='bbox 194 1271 372 1325; x_wconf 83' lang='lat' dir='ltr'><strong>denter,</strong></span> <span class='ocrx_word' id='word_1_73' title='bbox 421 1280 565 1324; x_wconf 88' lang='lat' dir='ltr'><strong>recte‚</strong></span> <span class='ocrx_word' id='word_1_74' title='bbox 614 1271 780 1315; x_wconf 88' lang='lat' dir='ltr'><strong>fortiter</strong></span> <span class='ocrx_word' id='word_1_75' title='bbox 822 1271 1018 1315; x_wconf 87' lang='lat' dir='ltr'><strong>videntur</strong></span> <span class='ocrx_word' id='word_1_76' title='bbox 1057 1273 1203 1317; x_wconf 87' lang='lat' dir='ltr'><strong>fecisse</strong></span> <span class='ocrx_word' id='word_1_77' title='bbox 1223 1306 1235 1326; x_wconf 91' lang='lat'><strong>,</strong></span> <span class='ocrx_word' id='word_1_78' title='bbox 1295 1273 1458 1317; x_wconf 83' lang='lat' dir='ltr'><strong>Roman</strong></span> 
     </span>
     <span class='ocr_line' id='line_1_11' title="bbox 189 1376 1352 1437; baseline 0.003 -18"><span class='ocrx_word' id='word_1_79' title='bbox 189 1390 335 1420; x_wconf 88' lang='lat' dir='ltr'><strong>secus:</strong></span> <span class='ocrx_word' id='word_1_80' title='bbox 371 1376 527 1420; x_wconf 85' lang='lat' dir='ltr'><strong>Fabius</strong></span> <span class='ocrx_word' id='word_1_81' title='bbox 556 1392 654 1419; x_wconf 83' lang='lat' dir='ltr'><strong>vero</strong></span> <span class='ocrx_word' id='word_1_82' title='bbox 679 1378 938 1420; x_wconf 87' lang='lat' dir='ltr'><strong>contrarium</strong></span> <span class='ocrx_word' id='word_1_83' title='bbox 980 1378 1272 1437; x_wconf 83' lang='lat' dir='ltr'><strong>pronuntiat.&#39;&#39;</strong></span> <span class='ocrx_word' id='word_1_84' title='bbox 1313 1380 1352 1436; x_wconf 86' lang='lat'><strong>¹)</strong></span> 
     </span>
     <span class='ocr_line' id='line_1_12' title="bbox 248 1480 1472 1541; baseline -0.002 -16"><span class='ocrx_word' id='word_1_85' title='bbox 248 1482 399 1541; x_wconf 88' lang='lat' dir='ltr'><strong>Neque</strong></span> <span class='ocrx_word' id='word_1_86' title='bbox 430 1488 571 1525; x_wconf 85' lang='lat' dir='ltr'><strong>tamen</strong></span> <span class='ocrx_word' id='word_1_87' title='bbox 586 1480 722 1525; x_wconf 78' lang='lat' dir='ltr'><strong>ubivis</strong></span> <span class='ocrx_word' id='word_1_88' title='bbox 746 1481 894 1525; x_wconf 88' lang='lat' dir='ltr'><strong>eodem</strong></span> <span class='ocrx_word' id='word_1_89' title='bbox 918 1480 1103 1541; x_wconf 87' lang='lat' dir='ltr'><strong>partium</strong></span> <span class='ocrx_word' id='word_1_90' title='bbox 1116 1480 1253 1525; x_wconf 89' lang='lat' dir='ltr'><strong>studio</strong></span> <span class='ocrx_word' id='word_1_91' title='bbox 1281 1495 1346 1524; x_wconf 87' lang='lat' dir='ltr'><strong>res</strong></span> <span class='ocrx_word' id='word_1_92' title='bbox 1361 1480 1472 1525; x_wconf 84' lang='lat' dir='ltr'><strong>Ara-</strong></span> 
     </span>
     <span class='ocr_line' id='line_1_13' title="bbox 187 1583 1475 1645; baseline -0.002 -17"><span class='ocrx_word' id='word_1_93' title='bbox 187 1585 222 1629; x_wconf 87' lang='lat' dir='ltr'><strong>ti</strong></span> <span class='ocrx_word' id='word_1_94' title='bbox 246 1585 468 1638; x_wconf 83' lang='lat' dir='ltr'><strong>tractavit,</strong></span> <span class='ocrx_word' id='word_1_95' title='bbox 516 1584 587 1629; x_wconf 90' lang='lat' dir='ltr'><strong>sed</strong></span> <span class='ocrx_word' id='word_1_96' title='bbox 629 1600 750 1645; x_wconf 88' lang='lat' dir='ltr'><strong>saepe</strong></span> <span class='ocrx_word' id='word_1_97' title='bbox 792 1584 923 1628; x_wconf 81' lang='lat' dir='ltr'><strong>veluti</strong></span> <span class='ocrx_word' id='word_1_98' title='bbox 961 1599 1002 1629; x_wconf 92' lang='lat' dir='ltr'><strong>se</strong></span> <span class='ocrx_word' id='word_1_99' title='bbox 1033 1583 1269 1643; x_wconf 81' lang='lat' dir='ltr'><strong>recolligit,</strong></span> <span class='ocrx_word' id='word_1_100' title='bbox 1302 1584 1475 1643; x_wconf 87' lang='lat' dir='ltr'><strong>ejusque</strong></span> 
     </span>
     <span class='ocr_line' id='line_1_14' title="bbox 187 1685 1469 1746; baseline 0.002 -18"><span class='ocrx_word' id='word_1_101' title='bbox 187 1685 315 1729; x_wconf 79' lang='lat' dir='ltr'><strong>etiam</strong></span> <span class='ocrx_word' id='word_1_102' title='bbox 345 1694 517 1745; x_wconf 86' lang='lat' dir='ltr'><strong>peccata</strong></span> <span class='ocrx_word' id='word_1_103' title='bbox 542 1686 657 1729; x_wconf 88' lang='lat' dir='ltr'><strong>haud</strong></span> <span class='ocrx_word' id='word_1_104' title='bbox 687 1687 866 1730; x_wconf 83' lang='lat' dir='ltr'><strong>reticens</strong></span> <span class='ocrx_word' id='word_1_105' title='bbox 888 1720 900 1740; x_wconf 89' lang='lat'><strong>,</strong></span> <span class='ocrx_word' id='word_1_106' title='bbox 932 1685 1126 1730; x_wconf 85' lang='lat' dir='ltr'><strong>historici</strong></span> <span class='ocrx_word' id='word_1_107' title='bbox 1153 1687 1293 1730; x_wconf 82' lang='lat' dir='ltr'><strong>denuo</strong></span> <span class='ocrx_word' id='word_1_108' title='bbox 1309 1694 1469 1746; x_wconf 85' lang='lat' dir='ltr'><strong>partes,</strong></span> 
     </span>
    </p>
   </div>
   <div class='ocr_carea' id='block_1_3' title="bbox 192 1789 999 1848">
    <p class='ocr_par' dir='ltr' id='par_1_3' title="bbox 192 1789 999 1848">
     <span class='ocr_line' id='line_1_15' title="bbox 192 1789 999 1848; baseline 0.006 -17"><span class='ocrx_word' id='word_1_109' title='bbox 192 1802 269 1848; x_wconf 85' lang='lat' dir='ltr'><strong>pro</strong></span> <span class='ocrx_word' id='word_1_110' title='bbox 298 1803 416 1832; x_wconf 89' lang='lat' dir='ltr'><strong>more</strong></span> <span class='ocrx_word' id='word_1_111' title='bbox 446 1803 520 1833; x_wconf 91' lang='lat' dir='ltr'><strong>suo</strong></span> <span class='ocrx_word' id='word_1_112' title='bbox 540 1823 551 1842; x_wconf 93' lang='lat'><strong>,</strong></span> <span class='ocrx_word' id='word_1_113' title='bbox 585 1789 736 1834; x_wconf 84' lang='lat' dir='ltr'><strong>eximie</strong></span> <span class='ocrx_word' id='word_1_114' title='bbox 767 1797 908 1833; x_wconf 86' lang='lat' dir='ltr'><strong>tuetur</strong></span> <span class='ocrx_word' id='word_1_115' title='bbox 944 1792 999 1841; x_wconf 76' lang='grc'><strong>2).</strong></span> 
     </span>
    </p>
   </div>
   <div class='ocr_carea' id='block_1_4' title="bbox 250 2157 1477 2223">
    <p class='ocr_par' dir='ltr' id='par_1_4' title="bbox 250 2157 1477 2223">
     <span class='ocr_line' id='line_1_16' title="bbox 250 2157 1477 2223; baseline -0.005 -15"><span class='ocrx_word' id='word_1_116' title='bbox 250 2161 361 2218; x_wconf 91' lang='lat' dir='ltr'><strong>Sed,</strong></span> <span class='ocrx_word' id='word_1_117' title='bbox 391 2161 506 2207; x_wconf 89' lang='lat' dir='ltr'><strong>hisce</strong></span> <span class='ocrx_word' id='word_1_118' title='bbox 531 2161 727 2223; x_wconf 83' lang='lat' dir='ltr'><strong>expositis</strong></span> <span class='ocrx_word' id='word_1_119' title='bbox 746 2195 758 2215; x_wconf 92' lang='lat'><strong>,</strong></span> <span class='ocrx_word' id='word_1_120' title='bbox 793 2158 919 2220; x_wconf 87' lang='lat' dir='ltr'><strong>quale</strong></span> <span class='ocrx_word' id='word_1_121' title='bbox 950 2158 1002 2203; x_wconf 90' lang='lat' dir='ltr'><strong>de</strong></span> <span class='ocrx_word' id='word_1_122' title='bbox 1045 2157 1281 2204; x_wconf 86' lang='lat' dir='ltr'><strong>Cleomenis</strong></span> <span class='ocrx_word' id='word_1_123' title='bbox 1309 2172 1477 2219; x_wconf 78' lang='lat' dir='ltr'><strong>quoque</strong></span> 
     </span>
    </p>
   </div>
   <div class='ocr_carea' id='block_1_5' title="bbox 186 2260 1473 2323">
    <p class='ocr_par' dir='ltr' id='par_1_5' title="bbox 186 2260 1473 2323">
     <span class='ocr_line' id='line_1_17' title="bbox 186 2260 1473 2323; baseline -0.002 -16"><span class='ocrx_word' id='word_1_124' title='bbox 186 2265 375 2308; x_wconf 87' lang='lat' dir='ltr'><strong>instituto</strong></span> <span class='ocrx_word' id='word_1_125' title='bbox 396 2298 407 2317; x_wconf 91' lang='lat'><strong>,</strong></span> <span class='ocrx_word' id='word_1_126' title='bbox 453 2263 666 2309; x_wconf 80' lang='lat' dir='ltr'><strong>duumviri</strong></span> <span class='ocrx_word' id='word_1_127' title='bbox 712 2263 776 2306; x_wconf 91' lang='lat' dir='ltr'><strong>illi</strong></span> <span class='ocrx_word' id='word_1_128' title='bbox 818 2261 1141 2323; x_wconf 87' lang='lat' dir='ltr'><strong>praeclarissimi</strong></span> <span class='ocrx_word' id='word_1_129' title='bbox 1190 2260 1365 2305; x_wconf 89' lang='lat' dir='ltr'><strong>tulerint</strong></span> <span class='ocrx_word' id='word_1_130' title='bbox 1401 2262 1473 2321; x_wconf 85' lang='lat' dir='ltr'><strong>ju-</strong></span> 
     </span>
    </p>
   </div>
   <div class='ocr_carea' id='block_1_6' title="bbox 186 2425 1473 2670">
    <p class='ocr_par' dir='ltr' id='par_1_6' title="bbox 237 2425 439 2462">
     <span class='ocr_line' id='line_1_18' title="bbox 237 2425 439 2462; baseline -0.01 1"><span class='ocrx_word' id='word_1_131' title='bbox 237 2432 252 2458; x_wconf 78' lang='lat' dir='ltr'><strong>l</strong></span> <span class='ocrx_word' id='word_1_132' title='bbox 319 2425 353 2462; x_wconf 87' lang='lat'><strong>1.</strong></span> <span class='ocrx_word' id='word_1_133' title='bbox 380 2428 439 2462; x_wconf 87' lang='lat'><strong>14.</strong></span> 
     </span>
    </p>

    <p class='ocr_par' dir='ltr' id='par_1_7' title="bbox 186 2442 1473 2670">
     <span class='ocr_line' id='line_1_19' title="bbox 231 2442 1473 2542; baseline -0.003 -10"><span class='ocrx_word' id='word_1_134' title='bbox 231 2442 270 2532; x_wconf 65' lang='grc'><strong>2))</strong></span> <span class='ocrx_word' id='word_1_135' title='bbox 314 2494 370 2532; x_wconf 85' lang='lat' dir='ltr'><strong>Cf.</strong></span> <span class='ocrx_word' id='word_1_136' title='bbox 395 2494 465 2530; x_wconf 89' lang='lat' dir='ltr'><strong>viri</strong></span> <span class='ocrx_word' id='word_1_137' title='bbox 490 2493 536 2531; x_wconf 88' lang='lat' dir='ltr'><strong>el.</strong></span> <span class='ocrx_word' id='word_1_138' title='bbox 564 2506 630 2531; x_wconf 82' lang='lat' dir='ltr'><strong>van</strong></span> <span class='ocrx_word' id='word_1_139' title='bbox 658 2494 867 2531; x_wconf 81' lang='lat' dir='ltr'><strong>Goudoever</strong></span> <span class='ocrx_word' id='word_1_140' title='bbox 894 2494 1086 2542; x_wconf 81' lang='lat' dir='ltr'><strong>disputatio</strong></span> <span class='ocrx_word' id='word_1_141' title='bbox 1111 2496 1153 2529; x_wconf 85' lang='lat' dir='ltr'><strong>de</strong></span> <span class='ocrx_word' id='word_1_142' title='bbox 1191 2495 1362 2530; x_wconf 79' lang='lat' dir='ltr'><strong>historicis</strong></span> <span class='ocrx_word' id='word_1_143' title='bbox 1396 2494 1473 2529; x_wconf 82' lang='lat' dir='ltr'><strong>Po-</strong></span> 
     </span>
     <span class='ocr_line' id='line_1_20' title="bbox 186 2556 1472 2611; baseline 0.002 -15"><span class='ocrx_word' id='word_1_144' title='bbox 186 2564 274 2610; x_wconf 74' lang='lat' dir='ltr'><strong>lybii</strong></span> <span class='ocrx_word' id='word_1_145' title='bbox 311 2564 476 2600; x_wconf 82' lang='lat' dir='ltr'><strong>laudibus</strong></span> <span class='ocrx_word' id='word_1_146' title='bbox 506 2577 548 2611; x_wconf 83' lang='lat' dir='ltr'><strong>p.</strong></span> <span class='ocrx_word' id='word_1_147' title='bbox 576 2565 637 2600; x_wconf 85' lang='lat'><strong>24.</strong></span> <span class='ocrx_word' id='word_1_148' title='bbox 664 2572 699 2600; x_wconf 85' lang='lat' dir='ltr'><strong>et</strong></span> <span class='ocrx_word' id='word_1_149' title='bbox 726 2563 881 2611; x_wconf 83' lang='lat' dir='ltr'><strong>ejusdem</strong></span> <span class='ocrx_word' id='word_1_150' title='bbox 907 2564 976 2601; x_wconf 84' lang='lat' dir='ltr'><strong>viri</strong></span> <span class='ocrx_word' id='word_1_151' title='bbox 1007 2556 1233 2608; x_wconf 71' lang='lat' dir='ltr'><strong>Orationem,</strong></span> <span class='ocrx_word' id='word_1_152' title='bbox 1263 2565 1335 2601; x_wconf 87' lang='lat' dir='ltr'><strong>loco</strong></span> <span class='ocrx_word' id='word_1_153' title='bbox 1360 2575 1472 2611; x_wconf 75' lang='lat' dir='ltr'><strong>supra</strong></span> 
     </span>
     <span class='ocr_line' id='line_1_21' title="bbox 187 2632 349 2670; baseline 0.025 -4"><span class='ocrx_word' id='word_1_154' title='bbox 187 2632 349 2670; x_wconf 78' lang='lat' dir='ltr'><strong>laudato.</strong></span> 
     </span>
    </p>
   </div>
  </div>
 </body>
</html>
