1630 3217
817 254 845 298 7

189 396 325 440 omnia
351 395 468 438 nullo
498 392 724 437 admodum
756 394 908 454 insigni
935 408 1074 438 rerum
1101 403 1222 439 motu
1251 406 1365 455 gesta
1400 398 1466 442 fu-

184 507 322 544 erunt.
384 499 481 543 Post
522 513 619 551 vero
637 532 650 554 ,
680 514 826 560 'quam
871 500 1091 549 Leuctrica
1129 517 1270 563 pugna
1308 502 1463 547 fractae

183 608 278 645 sunt
302 602 732 647 Lacedaemoniorum
762 604 896 659 vires,
930 605 1112 650 Arcades
1136 614 1278 650 autem
1290 615 1331 650 et
1346 605 1465 652 Mes-

184 708 286 752 senii
329 715 473 752 contra
516 724 585 764 eos
625 724 744 753 arma
772 700 1005 769 ceperunt,
1040 708 1249 754 Thebanis
1274 724 1297 752 a
1323 709 1461 754 Mace-

181 809 359 855 donibus
401 810 597 865 devictis,
643 810 969 862 Atheniensibus
993 811 1248 871 debilitatis,
1282 810 1390 856 nihil
1416 811 1461 855 in

179 929 400 958 commune
440 915 760 963 consulebatur:
811 914 1000 970 Achaei,
1049 916 1250 960 diuturna
1286 929 1390 975 pace
1420 922 1462 957 et

158 1018 369 1063 ,libertate
395 1019 550 1062 viribus
578 1019 630 1062 ad
668 996 908 1063 audendum
945 1020 1196 1080 comparatis
1214 1054 1227 1074 ,
1261 1019 1456 1081 aliquan-

175 1133 265 1168 tum
292 1123 461 1168 honoris
491 1126 690 1182 consequi
721 1132 963 1184 coeperunt.
1029 1123 1193 1167 Horum
1205 1124 1454 1183 potentiam,

175 1199 421 1288 praesertim
449 1242 547 1270 cum
562 1227 615 1270 ad
632 1206 917 1272 Chaeroneam
950 1228 995 1270 in
1020 1227 1110 1271 acie
1138 1227 1343 1271 stetissent
1355 1242 1458 1270 con-

174 1341 236 1375 tra
285 1330 554 1391 Philippum,
608 1331 859 1382 Macedones
898 1332 1042 1393 inique
1085 1333 1219 1385 ferre,
1264 1344 1454 1391 premere

171 1435 322 1482 deinde
350 1434 566 1488 Achaeos,
602 1436 718 1479 omni
743 1435 996 1495 proditionis
1025 1449 1179 1495 genere
1210 1433 1293 1479 illis
1307 1433 1453 1479 insidi-

172 1540 233 1582 ari
250 1574 263 1593 ,
297 1540 430 1583 donec
446 1574 458 1593 ‚
490 1547 583 1598 post
605 1548 787 1583 mortem
813 1539 1038 1583 Alexandri
1053 1572 1065 1591 ,
1086 1536 1311 1582 Cassander
1325 1570 1337 1590 ‚
1355 1537 1448 1581 De-

170 1642 342 1686 metrius
365 1648 413 1685 et·
423 1640 615 1702 inprimis
643 1641 877 1702 Antigonus
904 1642 1083 1686 Gonatas
1112 1640 1283 1684 diversis
1308 1639 1450 1699 parti-

170 1765 242 1793 um
257 1731 403 1793 studiis
427 1748 587 1793 animos
612 1747 761 1812 populi
787 1747 912 1808 plane
938 1747 1214 1792 dissociamnt
1228 1780 1241 1801 ,
1274 1756 1320 1792 ut
1341 1747 1447 1792 aliae

168 1854 353 1897 civitates
381 1859 576 1911 tyrannos
591 1886 603 1905 ‚
637 1852 744 1896 aliae
770 1852 976 1911 praesidia
1001 1852 1274 1907 Macedonica
1286 1853 1450 1912 recipe-

168 1965 261 2000 rent
299 1956 352 2003 ¹).

227 2061 282 2104 At
296 2074 395 2103 vero
407 2059 483 2103 sub
499 2057 667 2118 Olymp.
689 2057 885 2105 CXXIV.
912 2061 967 2118 (a.
988 2062 1075 2104 282
1092 2076 1116 2103 a
1133 2060 1201 2120 C.)
1233 2077 1317 2122 quo
1333 2068 1444 2106 tem-

166 2179 267 2225 pore
308 2162 489 2222 Pyrrhus
538 2162 582 2205 in
636 2160 804 2206 Italiam
859 2162 1024 2222 trajecit
1044 2197 1056 2217 ,
1108 2163 1191 2208 suis
1246 2164 1446 2225 privatim

164 2268 393 2313 commodis
429 2266 643 2312 consulere
689 2264 847 2310 desiere
888 2274 931 2310 et
970 2265 1101 2310 veluti
1142 2266 1194 2309 ad
1227 2265 1447 2311 meliorem

165 2384 349 2419 mentem
375 2374 526 2417 reversi
573 2382 613 2416 et
655 2372 915 2433 poenitentia
942 2372 1058 2417 ducti
1092 2373 1152 2437 ad⁸
1176 2372 1445 2418 concordiam

213 2590 243 2623 1)
294 2579 348 2616 Cf.
374 2581 501 2627 Polyb.
527 2583 577 2619 ΙΙ.
604 2597 634 2619 c.
661 2587 720 2620 41.
744 2584 805 2620 lx.
831 2585 890 2622 29.
915 2582 1107 2620 Pausanias
1134 2583 1216 2619 vlt.
