1630 3217
782 327 866 389 120

179 488 483 550 Peloponnesi,
532 487 577 530 in
607 487 875 533 Achaeorum
908 497 1022 533 certe
1063 486 1239 548 gratiam
1267 487 1476 535 adminis‹

180 591 348 637 trandas
366 626 378 646 ,
412 592 602 639 animum
636 593 895 654 adplicaret3
946 592 1059 654 quod
1089 608 1137 636 ex
1166 591 1344 652 Polybio
1369 594 1469 654 jure

178 692 290 737 mihi
332 674 500 739 elficere
540 695 714 742 videor:
763 694 838 740 hic
878 695 995 740 enim
1024 695 1206 741 Aratum
1229 695 1348 740 valde
1380 694 1470 739 lae·

178 802 317 840 tatum
339 811 427 841 esse
458 797 603 842 scribit
621 829 639 852 ‚-
674 797 789 859 quod
819 811 906 841 non
942 797 1107 856 frustra·
1126 797 1333 859 ejusmodi
1360 813 1469 843 con-

179 899 323 945 silium
348 902 618 962 excogitasset
658 912 802 958 neque
826 898 997 958 penitus
1032 915 1056 943 a
1079 914 1136 944 se·
1152 899 1353 944 alienatus
1382 898 1472 943 An·-

180 1002 346 1064 tigonus
390 1009 496 1046 esset
550 1009 757 1061 repertus,
835 999 995 1044 Verum
1013 1033 1026 1054 ‚
1075 1001 1131 1045 ab
1173 1003 1255 1047 hac
1299 1003 1473 1064 quidem

177 1115 330 1165 parte,
375 1120 472 1149 mox
514 1104 683 1150 abunde
734 1119 929 1149 securum
970 1105 1079 1164 regis
1122 1120 1221 1149 eum
1258 1107 1473 1166 vigilantia

180 1210 395 1271 praestitit
432 1210 486 1258 ¹).

241 1314 428 1361 Multum
471 1315 517 1360 in
562 1316 780 1377 proposito
825 1330 898 1360 suo
949 1313 1213 1375 exsequendo
1251 1313 1476 1374 profecisse

185 1418 367 1463 Aratum
386 1451 399 1471 ,
445 1433 553 1477 quae
596 1418 786 1478 proxim&
817 1416 968 1479 populi
1006 1418 1209 1463 concione
1244 1427 1357 1478 gesta
1384 1417 1476 1462 fue-

178 1525 309 1571 runt,
371 1517 609 1562 luculenter
663 1520 805 1563 testari
848 1519 1059 1565 videntur.
1139 1521 1248 1566 Nam
1288 1536 1386 1566 cum
1423 1537 1475 1566 eo

179 1621 337 1666 iterum
364 1630 580 1667 vocassent
612 1621 887 1684 Cleomenem
928 1631 1055 1684 atque
1094 1624 1251 1669 instans
1284 1625 1475 1669 reconci-

182 1725 299 1768 liatio
331 1725 377 1768 in
407 1726 542 1769 multa
571 1734 676 1769 esset
698 1723 922 1769 hominum
950 1741 1051 1785 spe:
1090 1726 1241 1769 Aratus
1259 1759 1271 1778 ‚
1304 1726 1477 1770 inducta

181 1828 304 1887 prius
330 1828 565 1870 rationibus
594 1828 678 1871 suis
716 1827 1018 1879 multitudine,
1063 1827 1290 1886 postulavit
1315 1828 1474 1879 abeo,

180 1938 231 1974 ut
270 1928 337 1973 vel
379 1944 478 1972 cum
523 1928 723 1973 trecentis
766 1937 932 1973 tantum
975 1927 1232 1981 comitibus,
1278 1927 1476 1972 trecentis

180 2033 317 2087 item,
364 2032 399 2076 si
431 2030 490 2077 ita
531 2031 775 2086 videretur,
823 2030 1040 2075 obsidibus
1083 2038 1241 2075 mutuo
1261 2028 1473 2090 acceptis,

180 2142 397 2196 tamquam
425 2132 478 2176 ad
504 2131 661 2178 amicos
691 2131 907 2193 sociosque
935 2130 1124 2185 veniret,
1156 2129 1223 2174 vel
1237 2162 1251 2183 ‚
1294 2130 1328 2174 si
1352 2136 1474 2183 exet-2

231 2408 266 2442 1)
313 2400 442 2449 Polyb·
467 2402 520 2437 ῙῙ.
544 2404 607 2438 50.
655 2405 672 2437 ὁ
696 2404 763 2446 μὲν
790 2396 852 2439 οὖν
895 2404 1135 2448 Ἀντίγονος,
1171 2402 1327 2442 ἀκούσας
1349 2405 1475 2438 ταῦτα

180 2473 248 2507 καὶ
290 2473 405 2511 δόξας
447 2471 633 2517 ἀληθινῶς
677 2472 741 2505 καὶ
784 2471 1049 2518 πραγματικῶς
1095 2470 1367 2506 wodanem»
1410 2473 1474 2505 τόν

171 2533 367 2585 ”Apteron
406 2544 586 2587 προσεῖχε
625 2543 703 2578 τοῖς
741 2539 821 2583 ἑξῆς
858 2541 1127 2587 πραττομένοις
1166 2540 1356 2583 ἐπιμελῶς·
1384 2547 1421 2576 οι
1444 2553 1475 2575 c.

179 2608 248 2642 522
281 2605 501 2652 Ἀντίγονος
528 2607 571 2641 δὲ
597 2608 714 2641 πάλαι
738 2606 805 2649 μὲν
832 2600 876 2653 ἦν
907 2610 945 2642 ἓν
969 2615 1211 2656 παρασκευῇ,
1248 2609 1472 2656 καραδοκῶν

176 2675 222 2726 τὲ
241 2673 400 2723 gil-lov,
428 2676 525 2710 κατὰ
548 2677 614 2714 τὰς
641 2675 842 2715 ὑποθέσεις
865 2677 930 2717 τὰς
956 2675 1132 2724 Ἀράτου.
