1630 3217
797 310 850 352 46

175 456 339 518 tigonus
371 456 579 500 Gonnatas
634 454 777 498 insano
807 455 897 514 ejus
925 453 1120 520 potiundi
1150 453 1296 498 ardore
1344 454 1455 497 inci-

180 567 286 602 tatus
327 559 408 601 fuit
447 559 617 618 votique
658 574 825 618 compos
857 558 1019 611 factm,
1063 574 1199 604 senex·
1218 572 1314 601 cum
1355 566 1459 602 esset

174 674 438 721 summasque
462 660 728 705 fortunarum
769 661 1073 706 vicissitudines
1100 670 1314 723 expertus,
1348 662 1458 707 haud

175 762 329 805 minori
357 762 531 806 affectus
557 763 709 823 gaudio
738 765 819 808 fuit
845 780 971 825 quam
1009 768 1078 810 cui
1119 767 1324 826 Amyntae
1354 782 1457 827 quo-

175 880 257 926 que
289 864 427 920 filius,
462 866 585 910 initio
617 876 730 911 certe
749 901 760 919 ‚
808 853 1038 912 indulserat
1071 877 1292 930 postquam
1324 867 1456 914 Chae-

175 971 339 1014 ronensi
381 970 557 1014 victoria
599 970 857 1015 Graecorum
892 972 1130 1019 libertatem
1170 984 1333 1020 tantum
1375 990 1455 1018 non

174 1073 382 1117 deleverat
410 1081 545 1117 totum
587 1073 639 1121 ¹).

235 1178 387 1221 Aratus
430 1177 556 1237 igitur
574 1211 583 1228 ,
644 1177 805 1238 quippe
856 1179 925 1222 cui
968 1179 1129 1224 facinus
1174 1189 1258 1224 tam
1288 1182 1454 1242 ,grande

175 1282 327 1326 merito
356 1283 589 1337 arrideret,
617 1285 706 1342 jam
734 1292 855 1328 antea
893 1299 983 1328 rem
1012 1285 1083 1329 sed
1112 1286 1262 1329 frustra
1291 1286 1455 1345 adgres-

174 1384 269 1439 sus,
318 1388 473 1431 iterum
516 1403 559 1430 se
609 1388 824 1440 accinxit,
886 1403 970 1431 non
1014 1388 1309 1447 Sicyoniorum
1350 1389 1453 1433 adeo

173 1483 526 1552 Achaeorumque
562 1491 795 1536 commodis
836 1492 1078 1544 consulens,
1103 1507 1231 1551 quam
1259 1492 1453 1537 Macedo-

169 1608 241 1637 nes
260 1627 271 1646 ,
334 1608 575 1638 communes
629 1594 758 1639 totius
802 1595 1002 1639 Graeciae
1047 1604 1244 1653 tyrannos
1269 1611 1318 1639 ex
1361 1610 1454 1639 arce

171 1696 378 1756 expellere
392 1697 581 1756 cupiens.
617 1673 898 1741 viridissimis
911 1695 1027 1740 illam
1049 1697 1360 1756 expeditionem
1383 1713 1452 1741 co-

172 1801 331 1845 loribus
349 1830 363 1854 ,
389 1802 506 1861 quasi
521 1816 586 1845 res
608 1810 775 1861 geratur
790 1834 801 1854 ‚
829 1801 1044 1860 depictam
1056 1801 1168 1861 apud
1181 1801 1451 1846 Plutarchum

171 1905 465 1966 conspicimus
530 1905 762 1957 Audacem¹
789 1905 956 1948 fortuna
1008 1903 1184 1964 adjuvit.
1276 1902 1452 1948 Dubites

167 2023 265 2053 vero
303 2010 345 2053 in
389 2009 558 2069 negotio
590 2018 676 2053 tam
706 2008 837 2052 arduo
873 2015 916 2052 et
950 2005 1239 2068 praeparando
1267 2014 1310 2050 et
1337 2022 1451 2050 exse-

168 2112 336 2174 quendo
354 2145 366 2166 ‚
400 2112 675 2156 audaciamne
702 2111 833 2170 magis
860 2111 1025 2156 mireris
1042 2145 1052 2163 ,
1101 2125 1153 2154 an
1182 2123 1280 2154 vero
1298 2142 1310 2161 ,
1351 2108 1450 2153 Plu-

168 2213 361 2257 tarchum
400 2222 513 2258 certe
551 2215 584 2258 si
622 2213 789 2267 audias,
830 2202 1186 2273 'generositatem
1266 2212 1329 2255 De
1372 2213 1451 2271 qua

169 2317 314 2376 paucis
347 2315 576 2360 videamus.
649 2313 754 2357 Dolo
806 2312 955 2357 Aratus
1001 2315 1082 2359 sibi
1134 2313 1446 2373 procedendum

169 2418 433 2479 intelligens,
483 2418 662 2478 (quippe
696 2417 737 2459 vi
774 2426 815 2460 et
851 2417 988 2476 palam
1035 2418 1185 2462 frustra
1226 2427 1444 2463 conaturus

213 2635 247 2669 1)
295 2624 391 2662 Plut.
418 2625 454 2660 in
484 2626 525 2661 V.
551 2625 794 2662 Demosthenis
818 2639 847 2662 c.
874 2626 943 2662 XX.
