1630 3217
763 226 864 300 '40

188 412 293 447 osset
324 403 632 464 diligenterque
663 411 861 449 versatus.
896 429 957 437 --
989 401 1072 448 Sed
1089 402 1194 447 haec
1210 403 1484 463 peritioribus

189 505 465 565 dijudicanda
495 505 704 565 relinque.

244 606 427 650 Facilius
469 607 532 649 illi
573 608 751 651 refutari
795 624 914 668 posse
969 610 1078 653 mihi
1109 611 1303 655 videntur
1323 645 1333 663 ‚
1384 611 1481 671 qui,

180 711 337 770 judicii
366 713 608 756 temeritate
634 713 778 767 ducti,
827 723 1108 760 veteratorem
1136 717 1313 762 Aratum
1336 724 1484 760 vocent

184 823 227 859 et
251 823 392 860 totum
419 816 502 861 hoc
527 826 870 878 strategematum
911 820 1354 881 clandestinorumque
1382 835 1484 864 con-

189 921 377 965 siliorum
408 920 626 979 negotium
657 935 811 981 magno
855 923 973 977 viro,
1023 923 1345 969 celebratissimi
1372 931 1485 968 certe

187 1025 368 1068 foederis
394 1024 503 1067 duce
531 1039 686 1085 parum
704 1024 884 1085 dignum
893 1024 1104 1084 judicent.
1140 1025 1355 1085 Reputent
1369 1024 1483 1068 enim

183 1127 246 1171 illi
265 1162 278 1181 ,
311 1128 468 1182 velim,
501 1127 685 1172 foederis
715 1127 894 1172 Achaici
923 1141 1091 1172 causam
1105 1126 1228 1170 initio
1242 1123 1484 1170 sanemulto

186 1231 318 1291 magis
333 1231 524 1289 Ulyssem
555 1232 809 1275 desiderasse
832 1247 959 1292 quam
985 1232 1158 1291 Ajacem
1173 1265 1184 1285 ‚
1218 1233 1485 1292 multumque

186 1350 307 1393 posse
321 1334 510 1378 dubitari
528 1370 539 1389 ,
574 1344 719 1381 utrum
736 1345 925 1381 strenuus
939 1336 1012 1381 ille
1028 1346 1070 1380 et
1087 1337 1333 1383 fortissimus
1349 1338 1487 1398 operis

184 1437 330 1481 Aratei
363 1448 616 1499 propagator
634 1474 646 1493 ‚
680 1439 1011 1500 Philopoemen,
1047 1440 1080 1483 si
1131 1447 1267 1483 aetate
1304 1441 1482 1485 Aratum

182 1542 493 1596 antecessisset,
541 1540 699 1601 gloriae
726 1558 823 1585 suae
851 1541 1069 1585 theatrum
1106 1550 1177 1585 aut
1212 1542 1386 1586 omnino
1412 1544 1484 1586 aut

184 1654 298 1688 certe
326 1654 414 1689 tam
442 1652 605 1690 vastum
647 1655 797 1690 nactus
827 1646 994 1690 fuisset.
1055 1646 1334 1705 Peloponnesi
1361 1661 1483 1705 prae-

184 1760 299 1795 terea
327 1759 485 1795 statum
508 1750 543 1792 si
573 1750 667 1809 quis
697 1749 958 1801 attenderit,
992 1764 1068 1809 per
1094 1749 1260 1808 rapinas
1315 1750 1483 1793 caedes-

182 1869 265 1914 que
296 1862 384 1898 tam
414 1852 641 1897 crudeliter
668 1867 761 1895 eam
795 1852 1046 1911 exagitatam
1069 1858 1111 1894 et
1141 1851 1194 1894 ab
1217 1849 1333 1893 omni
1361 1858 1483 1909 parte

182 1958 421 2002 infestatam
437 1956 671 2016 intelliget,
689 1963 762 2009 ut,
786 1955 830 1999 in
847 1955 1059 1999 latronum
1074 1962 1233 1998 temere
1249 1967 1364 1997 arma
1378 1954 1485 1996 arri-

183 2061 394 2121 pientium
425 2070 468 2105 et
501 2060 674 2104 obvium
695 2075 908 2120 quemque
931 2075 1009 2119 pro
1031 2057 1485 2117 lubidineadgredien-

182 2168 291 2209 tium
319 2169 616 2225 turba‚justae
646 2166 753 2209 aciei
783 2166 993 2224 rectisque
1012 2164 1115 2207 belli
1132 2162 1314 2207 consiliis
1329 2174 1478 2220 parum

185 2266 479 2312 locirelictum
509 2268 736 2312 videretur.
773 2266 968 2326 Denique
981 2283 1030 2311 ex
1047 2282 1132 2327 quo
1144 2264 1482 2325 gloriosissimum

183 2371 289 2415 illud
316 2371 517 2417 Graeciae
546 2369 795 2414 liberandae
823 2370 1089 2429 propositum
1105 2368 1285 2428 suscepit
1301 2368 1450 2412 Aratus
1466 2402 1479 2422 ,

182 2481 235 2525 ab
254 2480 369 2524 omni
391 2481 481 2540 jam
510 2486 629 2538 parte
645 2484 911 2521 surrexerunt
929 2509 940 2528 ,
970 2476 1044 2537 qui
1064 2511 1076 2530 ,
1112 2491 1208 2521 cum
1223 2475 1303 2520 sibi
1318 2481 1482 2519 metue-

179 2593 295 2637 rent,
345 2583 471 2629 nullis
510 2597 594 2627 non
637 2580 1024 2628 machinationibus
1066 2581 1157 2636 usi,
1207 2580 1474 2626 Achaeorum
