1630 3217
773 288 830 329 15

164 430 305 475 lucum
329 445 461 491 prope
486 430 637 474 urbem
662 437 893 481 memorat,
919 429 1018 472 Jovi
1041 443 1206 472 sacrum
1223 458 1237 480 ‚
1268 428 1338 470 cui
1366 428 1442 472 Ar-

165 536 283 578 nario
312 549 466 579 nomen
483 566 494 586 ‚
526 534 571 577 in
612 547 740 592 quem
778 532 1004 577 convenire
1030 530 1191 576 Achaei
1222 529 1444 585 solebant,

166 640 218 682 de
271 638 488 698 republica
537 636 817 682 deliberaturi
871 638 923 688 ¹).
1004 635 1088 681 Sed
1139 636 1443 680 conveniebant

164 759 466 805 nonnunquam
490 744 641 790 -etiam
679 743 820 798 alibi,
881 743 944 787 uti
986 743 1146 791 factum
1191 757 1274 785 non
1318 742 1446 786 semel

161 848 337 908 legimus
354 881 367 902 ,
413 847 596 907 Sicyone
621 882 641 903 ,-
682 848 808 911 Argis
828 882 841 904 ,
881 848 1168 909 Megalopoli,
1220 845 1444 899 Corinthi,

164 953 337 1014 Tegeae.

219 1063 348 1107 Penes
380 1062 460 1107 hoc
493 1063 722 1108 concilium
764 1078 975 1107 summum
1021 1070 1111 1105 erat
1147 1075 1292 1105 rerum
1330 1061 1443 1105 arbi-

155 1165 298 1211 trium.
363 1167 425 1224 Er
465 1168 555 1225 ejus
594 1165 765 1208 decreto
802 1163 915 1207 bella
956 1164 1315 1224 suscipiebantur,
1362 1180 1441 1225 pax

156 1266 460 1319 conveniebat,
494 1265 665 1309 foedera
690 1273 733 1309 et
757 1265 1053 1310 sanciebantur
1083 1276 1126 1311 et
1154 1267 1439 1319 solvebantur,

153 1369 261 1427 leges
296 1368 455 1411 fiebant
498 1377 615 1412 ratae
654 1375 727 1411 aut
769 1368 928 1416 irritae.
976 1347 1142 1431 ¹Hujus
1187 1373 1316 1417 etiam
1352 1381 1442 1416 erat

152 1472 414 1531 magistratus
445 1471 524 1516 toti
550 1471 741 1516 societati
771 1487 1014 1518 communes
1039 1472 1193 1534 eligere
1211 1508 1224 1529 ,
1257 1474 1439 1535 legatio-

150 1591 221 1620 nes
243 1575 470 1620 decernere
484 1609 496 1629 ,
523 1575 677 1636 legatos
691 1574 908 1637 designare
930 1583 972 1620 et
984 1576 1193 1620 mandatis
1205 1577 1438 1632 instruere,

150 1694 299 1741 regum
328 1694 499 1741 quoque
529 1687 571 1723 et
602 1679 857 1741 populorum
886 1679 1064 1723 aliorum
1090 1679 1247 1739 legatos
1259 1679 1405 1722 audire
1423 1713 1436 1733 ,

146 1779 451 1844 postulataque*
479 1798 627 1828 eorum
666 1792 737 1827 aut
759 1798 904 1845 preces
933 1799 1181 1844 cognoscere
1206 1783 1349 1845 deque
1373 1784 1440 1828 his

145 1891 340 1929 statuere.
394 1885 634 1944 -Regebant
674 1886 904 1932 concilium
934 1898 1105 1948 praetor
1138 1889 1368 1950 praecipue
1395 1898 1440 1934 et

146 1988 412 2048 magistratus
438 1988 541 2043 alii,
576 2004 679 2049 quos
710 1987 871 2032 Achaei
907 1990 1182 2047 δημιουργούς
1211 2005 1434 2050 nuncupa-

145 2092 260 2136 bant.
325 2092 382 2136 Hi
424 2092 574 2137 decem
614 2107 791 2137 numero
814 2101 952 2136 <erant
970 2128 982 2148 ‚
1020 2094 1225 2154 suffragiis
1251 2094 1433 2155 legitimi

146 2197 347 2250 concilii,
404 2198 518 2258 quod
578 2212 706 2243 verno
750 2207 943 2258 tempore
981 2197 1249 2251 habebatur,
1278 2198 1432 2253 electi,

143 2301 369 2358 prudentia
413 2303 620 2364 insignes,
655 2319 838 2364 quorum
883 2303 1057 2348 consilio
1091 2311 1260 2364 praetor
1290 2302 1430 2363 potis-

143 2401 294 2448 simum
321 2421 369 2450 ex
395 2385 487 2467 lege
509 2407 722 2453 utebatur.

191 2622 222 2656 1)
273 2611 397 2648 Strabo
424 2610 449 2646 l.
479 2612 581 2649 V111.
609 2615 656 2650 cf.
682 2615 787 2651 Paus.
815 2617 896 2652 vn.
