1630 3217
783 303 867 346 184

181 443 462 490 simillimam:
499 443 570 489 sed
589 479 600 498 ‚
628 446 817 506 quamvis
844 446 1047 490 contritus
1073 447 1213 491 animo
1238 447 1462 507 atque-ab-

176 555 309 611 jectus
327 587 339 607 ,
373 567 493 597 voces
519 560 660 595 tamen
686 553 893 607 mittere,'
914 552 1190 596 infructuosas
1202 550 1301 595 licet
1319 549 1459 605 ,haud

179 654 364 708 destitit,
410 655 486 699 ubi
527 654 634 699 salus
674 651 836 714 patriae
856 689 867 709 ,
910 654 986 698 ubi
1029 652 1296 698 commodum
1325 654 1464 697 bono-

176 771 273 800 rum
292 790 304 810 ,
338 757 414 801 ubi
438 771 536 802 vera
566 773 662 802 eum
687 758 818 801 animi
843 758 973 803 virtus
1001 758 1190 803 vocabat.
1252 758 1368 801 Haec
1383 758 1463 801 sol-

179 859 343 903 licitare
381 857 667 903 vehementius
703 866 829 919 atque
871 858 1080 903 offendere
1114 861 1220 920 regis
1245 859 1432 903 animum
1452 895 1464 914 ,

184 965 371 1008 veritatis
415 964 822 1024 impatientissimum
868 964 996 1022 inque
1025 962 1207 1008 deterius
1227 966 1315 1022 jam
1346 961 1469 1024 plane

185 1073 394 1111 mutatum
426 1069 479 1115 ¹).
514 1067 727 1112 Nimirum
745 1100 756 1120 ‚
784 1066 828 1109 in
856 1065 1063 1125 generosis
1090 1065 1208 1110 Arati
1224 1066 1467 1126 opprimen-

187 1154 251 1215 dis
281 1173 499 1217 conatibus
513 1206 525 1227 ‚
538 1171 744 1218 sentiebat
756 1186 853 1216 cum
871 1169 1051 1215 Creonte
1064 1170 1176 1230 apud
1192 1167 1466 1229 Sophoclem:

1005 1274 1052 1316 οὐ
1082 1275 1160 1330 γὰρ
1181 1273 1355 1316 ,ἐκπέλει

454 1381 620 1433 φρονεῖν
650 1377 742 1431 μέγ’
771 1378 857 1425 ὃςτς
886 1376 1030 1425 δοῦλός
1053 1378 1111 1424 ἐςι
1139 1379 1224 1420 τῶν
1254 1377 1385 1425 πέλας
1421 1375 1474 1420 ²).

196 1479 334 1523 Immo
377 1477 666 1538 intelligebat,
700 1493 965 1538 nequaquam
990 1493 1033 1522 se
1062 1477 1245 1522 liberum
1262 1513 1276 1531 ,
1309 1479 1380 1521 illo
1406 1481 1473 1522 vi-

188 1596 239 1624 vo
258 1616 270 1635 ,
304 1580 461 1626 nedum
498 1589 722 1639 tyrannum
763 1594 956 1640 regemve
997 1580 1200 1625 futurum.
1267 1579 1470 1638 Quocirca

194 1699 353 1728 veneno
403 1697 502 1727 eum
517 1717 528 1736 ‚
577 1681 835 1727 clandestino
867 1664 985 1726 more
1000 1716 1011 1735 ‚
1044 1683 1098 1726 de
1122 1683 1207 1726 vita
1233 1681 1381 1726 tollere
1402 1683 1474 1726 de-

188 1780 334 1828 crevit.
402 1780 651 1823 Taurionem
669 1813 681 1833 ,
716 1794 739 1822 e
764 1778 942 1823 ducibus
970 1779 1248 1823 Macedonum
1266 1780 1473 1837 quendam

193 1887 368 1948 sibique
411 1889 595 1932 amioum
615 1920 627 1940 ,
675 1885 911 1945 flagitium,
956 1899 997 1927 se
1037 1884 1236 1938 absente,
1270 1885 1475 1928 conficere

190 1992 332 2051 Jubet.
412 1990 494 2034 Hic
513 2024 524 2043 ,
571 1998 794 2049 postquam
834 1986 1083 2031 familiarem
1125 1986 1206 2031 sibi
1232 1985 1477 2031 reddidisset

193 2092 372 2136 Aratum
391 2124 403 2145 ,
441 2099 651 2135 venenum
667 2089 707 2133 ei
734 2089 882 2133 miscet
900 2123 910 2141 ‚
924 2104 1008 2132 non
1018 2103 1113 2133 acre
1129 2089 1353 2150 subitoque
1363 2103 1477 2132 mor-

190 2196 362 2241 tiferum
378 2228 389 2248 ‚
422 2194 494 2240 sed
522 2194 689 2238 tardum
719 2192 886 2236 trahens
915 2207 1136 2252 serumque
1165 2192 1355 2235 exitium.
1389 2192 1474 2236 Res

242 2356 276 2393 1)
325 2353 382 2390 Cf.
407 2353 492 2401 imp.
523 2353 650 2401 Polyb.
681 2355 764 2390 VII.
794 2357 849 2390 13.
877 2357 918 2389 οὐ
941 2357 1047 2394 λύκος
1082 2358 1116 2394 ἐξ
1139 2356 1357 2403 ἀνθρώπου,
1385 2361 1480 2392 κατὰ

194 2425 258 2457 τὸν
291 2420 521 2469 Ἀρκαδικὸν
554 2425 702 2464 μῦθον,
736 2423 778 2463 ὥς
812 2427 919 2469 φησίν
941 2424 958 2456 ὃ
987 2424 1165 2465 ῙῙλάτων,
1191 2425 1282 2459 ἀλλὰ.
1303 2426 1479 2471 τύραννος

195 2492 233 2523 ἐκ
266 2490 444 2531 βασιλέως
475 2491 601 2536 ἀπέβη
642 2494 782 2538 πικρός.
836 2491 887 2526 De
924 2491 1087 2538 Philippo
1116 2492 1265 2529 venefico
1287 2492 1364 2528 vide
1386 2494 1480 2528 Pau-

197 2570 273 2593 san.
300 2558 384 2592 VII.
410 2558 444 2593 7.

247 2633 279 2668 2)
329 2630 509 2674 Antigone
538 2631 578 2665 V.
605 2629 686 2664 476.
