1630 3217
829 330 884 370 19

204 470 328 514 fuisse
360 469 555 513 traditur.
620 466 729 510 Urbs
758 468 847 524 ejus
875 465 1012 524 patria
1029 498 1040 518 ,
1074 465 1229 525 Sicyon
1249 498 1260 518 ,
1286 466 1478 511 Doricam

199 573 284 617 sive
327 586 440 615 mere
488 568 827 614 Aristocraticam
888 568 1103 628 regiminis
1149 569 1325 614 formam
1372 570 1473 615 olim

203 673 396 717 amiserat
432 674 489 721 ¹).
521 672 633 716 Hinc
660 673 808 716 turbae
838 671 1038 733 'undique
1075 671 1215 715 civiles
1244 679 1288 715 et
1313 672 1483 716 seditio-

203 793 274 821 nes
293 811 306 830 ,
353 786 565 821 oratorum
607 775 876 836 popularium
914 773 1239 819 ambitiosissimi
1269 782 1311 818 et
1341 773 1485 833 perdi-

200 864 349 926 tissimi
380 889 580 934 conatus,
614 880 800 938 tyrannis
831 852 1102 938 tyrannidem
1131 875 1342 936 excipiens
1361 909 1372 929 ,
1406 877 1481 920 do-

200 1004 279 1033 nec
294 1023 306 1043 ,
353 987 508 1034 Cleone
551 987 686 1032 occiso
714 1022 727 1041 ,
787 986 840 1030 ad
884 985 1163 1030 Timoclidam
1212 983 1397 1044 denique
1441 991 1484 1026 et

203 1095 383 1141 Cliniam
400 1130 412 1150 ,
446 1096 555 1140 viros
583 1094 867 1139 nobilissimos
895 1102 938 1137 et
974 1098 1181 1151 potestate
1223 1091 1332 1133 inter
1376 1089 1484 1134 cives

201 1201 409 1261 insignes,
428 1193 775 1247 ‘summa‘rerum
799 1194 939 1237 delata
968 1203 1045 1237 est.
1109 1193 1250 1235 Rebus
1277 1191 1482 1252 quodam-

198 1300 324 1344 modo
386 1300 650 1355 constitutis,>
700 1298 955 1345 Timoelidas
993 1299 1173 1343 moritur
1192 1332 1204 1351 ,
1253 1296 1483 1342 Abantidas

198 1412 340 1448 autem
357 1438 369 1458 ,
418 1405 535 1449 Pasei
586 1404 695 1449 filius
710 1439 722 1459 ‚
749 1394 1040 1463 'tyrannidem
1100 1403 1295 1448 affectans
1313 1436 1324 1456 ,
1387 1400 1481 1446 Gli-

197 1508 310 1552 niam
339 1508 496 1553 occidit
524 1510 697 1568 ejusque
721 1509 953 1552 amicorum
971 1517 1014 1552 et
1034 1507 1364 1552 necessariorum
1380 1507 1482 1551 alios

200 1609 425 1663 interficit,
462 1610 564 1654 alics
592 1590 861 1671 urhespeliit.
896 1610 948 1654 In
968 1610 1080 1665 illis,
1114 1625 1217 1671 quos
1239 1611 1366 1655 morti
1390 1610 1483 1654 des-

197 1713 405 1757 tinaverat
423 1747 435 1767 ,
469 1712 597 1756 etiam
620 1714 772 1765 Aratus
789 1718 880 1756 crat
899 1745 911 1765 ,
949 1710 1111 1756 Cliniae
1140 1712 1252 1756 filius
1269 1746 1283 1767 ‚
1314 1712 1486 1757 vixdum

196 1814 422 1874 septimum
439 1830 595 1859 annum
611 1831 752 1875 agenS.
784 1815 825 1860 Is
844 1849 856 1868 ,
883 1831 983 1860 cum
998 1816 1045 1862 in
1062 1815 1291 1862 domestico
1316 1817 1484 1863 tumul·-

197 1925 244 1960 tu
262 1951 275 1971 ,
300 1917 475 1961 salutem
491 1918 720 1977 fugamque
735 1918 1108 1978 circumspiciens,
1139 1919 1329 1980 trepidus
1352 1921 1483 1967 ober-

195 2032 324 2078 fatet,
344 2024 452 2067 forte
469 2023 637 2067 fortuna
648 2055 660 2075 ,
679 2022 820 2066 insciis
838 2022 1032 2066 omnibus
1046 2054 1058 2075 ‚
1077 2022 1122 2065 in
1139 2022 1315 2066 domum
1335 2021 1479 2076 Sosus,

196 2129 344 2173 sororis
358 2128 548 2186 tyranni,
563 2136 825 2187 pervenerat.
859 2127 960 2170 Erat
977 2127 1090 2187 quod
1106 2127 1187 2170 sibi
1201 2127 1481 2186 gratularetur

246 2322 279 2356 ¹)
327 2311 385 2347 Ita
421 2310 649 2355 Plutarchus.
698 2312 885 2357 Caeterum
924 2313 1263 2362 ‹leAristocratica
1300 2314 1487 2361 regiminis

196 2381 312 2417 forma
348 2393 419 2417 non
452 2393 546 2417 mere
582 2381 716 2418 Dorica
758 2381 967 2429 appellanda
1004 2382 1160 2418 conferri
1195 2388 1351 2419 meretur
1386 2381 1488 2418 Titt-

198 2460 325 2491 mann,
350 2451 593 2497 Dar-stellunq
617 2453 681 2486 der
706 2451 773 2489 Gr.
801 2446 1214 2507 §tants-versassunycn
1238 2464 1280 2498 p.
1305 2451 1389 2487 552.
1417 2451 1488 2496 rlq.

197 2516 258 2552 ubi
294 2516 386 2553 hunc
416 2520 527 2558 etiam
566 2521 751 2558 Plutarchi
789 2521 908 2559 locum
946 2523 1049 2560 citat.
1096 2521 1185 2559 Rem
1223 2534 1346 2571 parum
1372 2521 1484 2557 adhuc

199 2584 288 2621 mihi
301 2594 520 2633 perspectam
544 2589 582 2625 in
607 2590 725 2628 medio
748 2589 948 2639 relinquere
972 2599 1009 2629 et
1028 2591 1214 2639 Graecum‘
1230 2599 1410 2628 auctorem
1422 2600 1486 2625 se·

201 2655 262 2701 qui
275 2653 397 2691 malui.

1276 2725 1338 2770 2*
