1630 3217
820 316 905 358 126

205 458 437 505 conciliare
477 457 559 505 sibi
599 448 800 506 studeret.
873 459 996 505 Bona
1035 460 1182 516 enim,
1213 464 1323 523 quae
1350 461 1502 511 Aratus

211 560 408 606 Corinthi
436 559 635 617 habebat,
668 577 809 623 neque
830 563 971 624 attigit
998 563 1090 625 ipse
1109 580 1245 626 neque
1257 564 1359 609 alios
1372 566 1503 611 attin-

205 680 305 726 gere
330 681 474 727 passus
499 675 561 711 est
579 701 591 721 ‚
624 664 697 712 sed
724 666 873 712 amicis
896 666 986 730 ejus
1006 669 1058 712 ‘et
1091 666 1356 713 curatoribus
1378 666 1502 713 'acci-

204 770 258 816 tis
275 805 288 825 ‚
305 771 451 818 omnia
460 787 531 818 eos
546 773 605 818 ita
618 786 765 818 curare
779 780 823 818 et
836 770 1194 834 custodirejussit,
1213 772 1350 833 utqui
1366 771 1498 817 Arato

204 874 435 936 aliquando
461 876 641 919 rationes
656 881 790 918 essent
803 869 1015 918 reddituri
1054 877 1109 937 ¹).
1143 875 1347 921 Privatim
1359 883 1498 920 autem

204 974 427 1037 Tripylum
446 970 451 1010 ἶ
468 983 511 1019 et
551 973 706 1019 deinde
745 974 1029 1035 Megistonum
1066 976 1267 1022 vitricum
1305 979 1361 1023 ad
1401 994 1499 1024 eum

204 1079 323 1123 misit
339 1111 354 1133 ‚
385 1092 484 1122 cum
507 1077 589 1122 alia
614 1078 748 1123 multa
773 1058 1052 1139 promittens,
1086 1086 1181 1122 tum
1207 1078 1388 1138 duplum
1409 1083 1499 1141 ejus

204 1183 433 1243 stipendii,
451 1182 565 1245 quod
592 1201 617 1228 a
643 1184 885 1240 Ptolemaeo
899 1184 1121 1245 quotannis
1144 1185 1338 1245 accipere
1351 1184 1500 1230 solitus

205 1287 345 1332 fuerat
370 1289 547 1337 Aratus:
582 1289 633 1334 ea
657 1288 748 1349 lege
766 1323 780 1343 ,
812 1298 861 1335 ut
891 1287 985 1350 ipse
1016 1286 1283 1335 Achaeorum
1311 1287 1396 1333 dux
1423 1289 1500 1334 de-

203 1394 440 1455 signaretur
480 1401 524 1439 et
570 1386 653 1438 una
690 1407 790 1438 cum
830 1393 881 1438 iis
920 1388 1279 1438 Acrocorinthum
1318 1399 1497 1440 teneret.

204 1496 263 1541 At
302 1511 423 1550 ver0,
469 1504 517 1540 ut
554 1496 837 1540 miserrimam
878 1497 968 1556 ejus
1011 1493 1301 1539 conditionem
1345 1494 1497 1539 eximie

203 1598 395 1660 depinxit
422 1599 696 1654 Plutarchus,
729 1599 805 1660 qui
836 1598 1008 1659 triginta
1032 1607 1074 1643 et
1089 1607 1172 1642 tres
1185 1614 1314 1642 annos
1330 1597 1496 1643 Achae-

204 1718 329 1746 orum
370 1702 680 1761 rempublicam
727 1702 1092 1746 administraverat
1129 1718 1178 1747 ac
1220 1702 1410 1761 potentia
1453 1709 1497 1745 et

205 1808 339 1869 gloria
364 1808 520 1869 primas
547 1808 659 1853 inter
674 1808 852 1853 Graecos
864 1815 1005 1868 egerat
1016 1815 1155 1867 partes
1171 1840 1185 1860 ,
1210 1812 1312 1849 tunc
1327 1837 1341 1858 ‚
1356 1803 1497 1848 deser-

205 1921 270 1957 tus
283 1947 297 1967 ‚
314 1911 519 1956 contritus
536 1946 550 1967 ‚
565 1912 685 1973 inops
701 1944 716 1967 ,
730 1909 862 1955 veluti
880 1911 925 1955 in
940 1908 1161 1970 naufragio
1176 1907 1341 1969 patriae
1359 1942 1371 1962 ,
1389 1908 1496 1953 fluc-

201 2017 316 2062 tibus
342 2016 533 2078 undique
560 2024 603 2060 et
630 2015 828 2076 periculis
857 2013 1109 2075 agitabatur.
1144 2010 1386 2071 Respondet
1402 2010 1491 2071 igi-

201 2129 299 2167 tur:
350 2136 435 2165 non
472 2130 615 2165 tenere
642 2135 683 2165 se
713 2119 785 2164 sed
815 2119 956 2179 potius
978 2116 1132 2164 teneri.
1196 2115 1264 2160 Ad
1288 2113 1393 2159 haec
1422 2113 1490 2157 fu-

203 2226 408 2269 ribundus
439 2224 683 2269 Cleomenes
699 2257 711 2278 ‚
746 2222 906 2283 quippe
933 2220 1144 2264 ludificari
1173 2233 1216 2262 se
1232 2216 1492 2264 existimans,

201 2326 440 2388 irruptione
469 2326 609 2370 statim
623 2326 732 2370 facta
744 2359 755 2378 ,
773 2323 1016 2384 Sicyonium
1037 2321 1246 2367 hostiliter
1265 2319 1433 2365 vastavit
1447 2327 1491 2364 et

200 2432 422 2479 obsidione
449 2428 678 2492 Sicyonem
708 2428 856 2476 cinxit.

249 2598 282 2638 ¹)
329 2593 565 2631 Hannibalem
590 2593 765 2640 ejusmodi
799 2600 1045 2641 strategemate
1070 2606 1171 2633 usum
1196 2606 1272 2633 esse
1296 2593 1408 2632 tradit
1418 2591 1484 2628 Li-

198 2664 277 2702 vius
300 2663 413 2702 XXII.
437 2664 497 2702 23.
522 2663 561 2701 cf
582 2662 743 2711 Thucyd.
769 2662 819 2701 11.
847 2664 907 2702 13.
