1630 3217
813 328 897 370 115

198 473 465 525 tombaeum,
507 468 739 530 reportavit
775 469 1015 515 victoriam.
1093 467 1209 529 Hine
1247 465 1492 529 Langonem

198 577 362 631 tendit,
407 571 703 636 praesidioque
732 571 921 616 Achaico
950 569 1122 630 expulso
1139 603 1153 625 ‚
1201 569 1349 618 urbem
1376 572 1491 620 Eleis

158 679 160 681 ’
199 677 402 723 reddidit.

259 778 345 823 Hic
371 784 539 830 autem,
573 774 627 819 de
655 774 763 831 iliis,
796 791 906 837 quae
934 777 1125 839 proxime
1153 794 1338 840 pugnam
1360 796 1483 828 seeu-

195 892 240 928 ta
266 882 349 926 sint
365 915 379 935 ,
393 938 396 941 Δ
412 881 523 925 inter
546 888 737 925 auctores
756 913 768 934 ,
793 879 871 942 qui
895 879 949 926 de
969 879 1051 927 hac
1065 879 1269 928 historiae
1284 893 1406 945 parte
1430 885 1483 930 de

195 985 402 1030 industria
428 992 630 1045 egerunt,
663 984 822 1029 mirum
851 985 1073 1031 observare
1101 985 1205 1031 licet
1234 986 1482 1036 dissensum.

193 1087 391 1147 Polybius
420 1088 532 1132 enim
547 1123 562 1144 ‚
606 1089 727 1148 cujus
765 1104 890 1149 supra
925 1090 1210 1135 narrationem
1239 1090 1482 1137 summatim

191 1192 392 1252 exposui,
438 1191 545 1236 haee
573 1191 704 1236 habet
727 1191 759 1237 l.
794 1192 854 1236 ΙΙ.
889 1207 928 1238 e.
964 1194 1038 1239 51.
1071 1194 1298 1252 ὁλοσχερῶς
1326 1194 1478 1239 ἔπται-

193 1311 271 1339 σαν
327 1295 517 1353 Ἀχαιοὶ,
548 1297 595 1340 ἐν
637 1300 691 1352 τῇ
741 1295 947 1351 Δυμαίᾳ,
992 1297 1086 1353 περὶ
1131 1297 1179 1338 τὸ
1219 1294 1482 1351 καλούμενον

192 1401 505 1461 ζΕκατόμβοειον
521 1434 539 1455 ,
582 1400 795 1457 πανδημεὶ
837 1399 1238 1450 διακινδυνεύοντεξ
1270 1395 1371 1442 τότ’
1398 1398 1482 1455 ἤδη

189 1507 277 1549 τῶν
305 1508 559 1561 πραγμάτων
585 1502 661 1546 οὐκ
694 1503 759 1546 ἔτι
789 1501 995 1547 διδόντων
1024 1501 1298 1557 οέναςροφὴν,
1342 1501 1477 1554 ἠνάγ-

191 1604 290 1656 καζε
328 1607 383 1648 τὰ
418 1606 646 1662 περιεςῶτα
687 1608 965 1660 καταφεύγειν
994 1603 1268 1661 ὁμοθυμὰδόν
1299 1604 1370 1647 ἐπὶ
1398 1605 1477 1649 τὸν

188 1708 469 1762 ’Λντίγονον-
532 1707 659 1768 Apud
682 1707 963 1753 Plutarchum
992 1717 1165 1760 contra,
1198 1708 1245 1750 in
1266 1708 1323 1752 V.
1354 1707 1479 1751 Arati

190 1810 361 1856 ineunte
415 1811 554 1873 capite
599 1813 829 1861 XXXIX0.
852 1848 865 1868 ‚
925 1812 1032 1859 haee
1082 1813 1210 1858 verba
1259 1813 1474 1875 reperiasz

192 1911 491 1972 ’Λπεβάλοντο
532 1914 573 1958 δ’
620 1910 696 1960 οὖν
734 1916 776 1958 οἱ
824 1915 1005 1973 Ἀχαιοὶ
1047 1918 1127 1970 τὴν
1163 1917 1472 1973 Μαντίνειαν,

188 2016 319 2062 πάλιν
349 2016 515 2068 ἑλόντος
544 2019 677 2075 αὐτὴν
700 2022 773 2064 τοῦ
798 2018 1064 2076 Κλεομένους
1100 2020 1172 2062 καὶ
1201 2023 1313 2079 μάχῃ
1338 2023 1471 2077 μεγά-

187 2120 241 2179 λῃ
270 2123 362 2179 περὶ
391 2124 438 2165 τὸ
468 2122 781 2183 Ἑκατόμβαιον
811 2120 1072 2179 ἡττηθέντες
1113 2122 1222 2167 οὕτω
1257 2121 1472 2167 κατεπλά-

187 2244 320 2283 γησαν
354 2228 432 2280 ὥςε
480 2229 659 2286 πέμπειν
701 2230 825 2278 εὐθύς
868 2225 933 2284 ἐφ’
971 2225 1174 2283 ἡγεμονίᾳ
1218 2227 1294 2271 τὸν
1336 2225 1472 2270 Κλεο-

188 2331 294 2388 μένη
336 2335 560 2386 καλοῦντες
600 2338 656 2385 εἷς
694 2319 879 2391 ’'Aqyog'.
940 2321 1030 2374 Ille
1066 2343 1134 2372 eos
1154 2361 1166 2382 ,
1212 2335 1256 2371 et
1296 2327 1471 2388 quidem

188 2435 377 2480 unanimi
399 2426 611 2500 omnium*
644 2451 845 2482 consensu
863 2468 877 2490 ‚
923 2433 977 2478 ad
1015 2432 1276 2494 Antigonum
1320 2431 1470 2476 confu-

188 2536 290 2597 gisse
334 2538 513 2583 affirmat
531 2573 543 2593 ‚
582 2539 654 2583 hie
695 2541 755 2584 ita
795 2538 1006 2601 perculsos
1043 2537 1174 2582 fuisse
1217 2534 1463 2589 contendit,

189 2649 236 2685 ut
265 2641 405 2687 statim
446 2641 737 2697 dimitterent,
787 2644 861 2705 qui
905 2641 1174 2689 Cleomenem
1209 2639 1264 2684 ad
1306 2638 1467 2700 princi-

1259 2743 1320 2786 8*
