1630 3217
784 304 841 346 92

167 453 254 499 tam
286 446 492 501 limitibus
533 460 711 501 servare*
730 446 945 503 maluisset
959 482 972 503 ,
1017 463 1144 511 qnam
1183 449 1301 494 illius.
1338 450 1383 493 in
1411 465 1456 495 se

166 553 715 615 impetum·provocando»,¹
732 557 899 602 omnem
924 555 1036 608 vitae
1066 556 1262 611 fructum
1281 555 1327 609 in
1352 562 1452 606 tane·

166 667 258 704 tum
284 657 514 707 discrimen
540 659 768 708 adducere.
836 659 1017 707 Videtur
1038 659 1153 707 enim
1185 657 1456 712 Cleomenes,

166 764 281 826 quod
328 765 526 827 inp'rimis
555 765 860 818 observandum
897 774 988 820 est,
1033 763 1453 827 principatusGrae-

167 868 261 925 cine
291 868 515 915 obtinendi
547 878 648 914 tunc
673 870 945 928 potissimum
972 871 1194 930 arripuisse
1229 870 1453 932 cogitatio-

166 961 266 1022 nem
284 1014 287 1015 γ
305 973 610 1032 ambitioseque
629 972 796 1017 fovisse
815 1006 827 1025 ‚
872 979 1096 1032 postquam
1115 1005 1128 1025 ,
1174 973 1453 1032 prosperrime

167 1090 267 1122 cum
297 1074 474 1125 Achaeis
502 1075 615 1121 bello
646 1075 864 1122 decertans
882 1110 894 1130 ,
934 1075 1051 1120 vires.
1079 1089 1330 1136 cognoscere
1363 1092 1454 1125 suas

167 1179 301 1239 iisque
330 1157 556 1225 confidere
568 1179 793 1227 didicerat.

230 1281 367 1339 Quem
406 1282 539 1343 igitur
591 1283 836 1344 despexerat
885 1283 1080 1345 primum.
1114 1292 1156 1327 et
1198 1297 1297 1343 pro÷
1316 1281 1455 1327 nihilo

168 1383 376 1439 duxerat,
399 1400 504 1429 vmox
534 1385 752 1447 suspicere
779 1385 986 1461 eundern,
1020 1387 1073 1431 ab
1101 1402 1237 1448 eoque
1266 1386 1346 1433 sihi
1378 1402 1453 1431 ca-

166 1504 266 1534 vere
293 1488 452 1550 eoepit.
516 1490 614 1535 Post
650 1489 762 1534 enim
802 1505 929 1550 quarn
974 1486 1219 1534 Cleomenes
1258 1503 1346 1549 per.
1372 1488 1454 1533 do-

167 1593 256 1637 lum
278 1600 406 1653 atque
434 1591 644 1636 occultam
671 1590 958 1654 proditionem
987 1598 1092 1634 esset
1117 1589 1424 1651 ipsosadortus
1440 1622 1456 1643 ,„

168 1705 210 1740 et
229 1729 242 1748 ‚
272 1697 509 1741 faventibus
534 1695 897 1740 maximeAetolis
915 1716 936 1748 ,·
961 1695 1138 1751 Tegeam
1158 1724 1170 1745 ,
1196 1692 1455 1736 Mantineam

168 1806 212 1843 et
275 1796 588 1844 Orchomenum
642 1796 931 1858 intercepisset
949 1830 960 1850 ‚
1024 1796 1177 1841 Aratus
1197 1793 1272 1840 et.
1301 1785 1461 1841 caeter-i*

167 1899 436 1946 Achaeorum
482 1914 682 1962 proceres
728 1899 942 1945 neminem
998 1897 1172 1960 quidem
1220 1897 1331 1954 bello
1374 1898 1459 1943 sibi

166 2004 477 2065 provocandum
495 2039 507 2059 ‚
567 2002 999 2052 Lacedaemoniorum
1044 2010 1185 2048 autem
1234 2003 1454 2048 conatibus

164 2107 466 2154 adversandum
506 2123 593 2153 esse
628 2115 832 2156 statuunt.
897 2107 994 2151 Post
1025 2120 1124 2157 vero
1163 2120 1291 2166 quam
1332 2103 1454 2149 Cleo-

167 2226 334 2255 menem
358 2211 583 2264 viderunt,
609 2211 654 2255 in
665 2210 1117 2272 Megalopolitanorum
1142 2225 1241 2270 agro
1260 2243 1275 2264 ‚
1305 2211 1459 2269 magna

166 2312 341 2359 audacia
358 2344 371 2365 ,
414 2304 679 2357 Athenaeum
731 2282 901 2356 munire
941 2320 984 2356 et
1008 2314 1202 2372 apertum
1233 2323 1455 2371 acremque

164 2417 330 2465 hostem
355 2408 397 2459 se
424 2429 599 2478 gerere:
637 2424 728 2459 tum
760 2415 932 2461 demum
950 2449 961 2469 ,
1007 2414 1454 2462 Achaeorumfoonci—

162 2521 223 2564 lio
253 2527 482 2564 convocato
499 2554 511 2573 ,
546 2520 766 2563 decretum
793 2519 952 2564 factum
981 2528 1067 2572 est,
1102 2520 1452 2565 Lacedaemonios

164 2625 300 2672 hostes
328 2624 469 2686 palam
500 2640 586 2670 esse
618 2622 845 2669 habendos.
926 2623 1017 2669 Hac
1047 2634 1189 2671 autem
1217 2623 1454 2686 expeditio-
