1630 3217
801 261 857 302 42

182 385 447 429 suetudinem
470 398 638 427 morum
665 398 712 427 ac
740 382 989 428 facilitatem
1029 384 1081 441 1).
1127 382 1284 427 Blanda
1317 388 1471 429 conci-f

180 491 317 535 liatrix
376 492 615 541 animorum
665 491 864 535 sermonis
915 487 1134 533 affabilitas
1163 508 1170 533 :
1230 488 1471 546 tyrannidis,

184 591 326 635 odium
371 600 456 636 tam
504 595 649 652 ingens
691 601 738 640 ut
777 593 885 638 ultra
927 594 1125 643 terminos
1167 608 1471 653 nonnunquam

183 705 443 760 evagaretur.
508 699 563 749 At
585 714 686 744 vero
713 701 876 745 animus
902 700 1081 746 excelsus
1098 734 1110 754 ‚
1143 700 1302 762 patriae
1323 714 1464 744 aman-

185 802 369 848 tissimus
386 835 398 856 ,
432 802 603 850 diurnas
636 816 776 851 omnes
805 810 847 846 et
871 811 1096 853 nocturnas
1120 802 1395 863 cogitationes
1418 800 1471 847 ad

185 905 359 949 salutem
390 918 658 947 communem
679 906 878 955 referens.
944 907 1059 952 Haec
1090 908 1131 958 ei
1159 908 1224 951 lex
1252 920 1470 967 suprema,

185 1007 290 1052 haec
320 1015 360 1050 et
395 1006 605 1050 amicitiae
646 1014 687 1050 et
725 1007 975 1057 inimicitiae
1013 1022 1159 1053 norma
1190 1018 1293 1055 erat.
1359 1010 1470 1066 Quo-

184 1109 433 1170 tiescunque
466 1110 519 1154 de
559 1112 818 1171 reipublicae
848 1115 970 1157 causa
1005 1114 1289 1174 promovenda
1332 1114 1468 1175 deque

186 1215 412 1258 concordia
441 1216 572 1260 varias
603 1216 713 1260 inter
739 1216 928 1262 civitates
966 1195 1215 1263 stabilienda
1242 1219 1441 1277 agebatur
1459 1252 1471 1271 ‚

186 1333 271 1377 quo
314 1318 516 1363 tutiorem
552 1318 702 1383 Aratus
744 1319 937 1363 omnibus
978 1328 1020 1363 et
1060 1319 1292 1364 beatiorem
1342 1334 1391 1362 eo
1432 1327 1471 1366 et

188 1422 269 1465 sibi
300 1424 622 1467 fructuosiorem
638 1424 765 1466 vitam
793 1432 989 1483 reputans
1007 1456 1020 1475 ‚
1053 1423 1219 1467 nonnisi
1237 1422 1328 1466 aliis
1339 1425 1474 1466 vivere

184 1524 447 1585 aliorumque
475 1526 697 1570 commoda
725 1527 927 1585 amplecti
953 1527 1174 1571 videbatur
1202 1535 1329 1586 atque
1345 1527 1468 1569 tueri.

183 1621 295 1667 Hinc
321 1623 537 1682 praeclara
565 1623 637 1668 illa
662 1633 706 1674 et
732 1623 784 1667 ad
812 1622 1008 1669 eximiam
1035 1621 1168 1666 laudis
1211 1619 1470 1680 praedicati-

187 1738 311 1767 onem
336 1723 620 1768 efficacissima
641 1738 719 1768 vox
737 1758 748 1778 ‚
783 1739 891 1785 quae
921 1732 963 1768 et
992 1724 1035 1767 in
1064 1721 1328 1768 Achaeorum
1366 1737 1473 1765 con-

188 1827 287 1874 cilio
332 1836 372 1871 et
418 1828 462 1872 in
491 1837 615 1872 coetu
640 1827 791 1889 populi
820 1828 1011 1873 universo
1030 1861 1043 1881 ,
1077 1842 1161 1870 uno
1183 1825 1374 1870 omnium
1400 1840 1474 1869 re-

185 1929 356 1975 sonabat
402 1940 610 1975 concentu
628 1965 640 1986 ‚
690 1931 801 1975 nihil
830 1946 930 1975 eum
961 1930 1160 1991 adpetere
1180 1963 1191 1983 ‚
1225 1928 1334 1974 nihil
1361 1945 1475 1977 ama-

185 2053 254 2091 re,
287 2037 368 2081 nisi
397 2037 511 2097 quod
540 2037 768 2097 pulchrum
795 2045 899 2083 esset
927 2047 1053 2099 atque
1081 2036 1306 2082 honestum
1343 2039 1398 2089 2).

236 2174 268 2207 1)
315 2164 370 2199 De
396 2163 470 2199 Off.
494 2163 545 2200 II.
570 2166 606 2200 9.

236 2233 270 2265 2)
317 2230 465 2277 Egregie
489 2232 559 2267 huc
583 2231 679 2267 valet
703 2230 922 2278 praeclarum
948 2230 1134 2267 Ciceronis
1163 2229 1295 2264 dictum
1310 2229 1351 2262 de
1369 2227 1471 2263 Orat.

190 2301 253 2336 ΙΙ.
282 2300 342 2335 85.
367 2299 430 2334 Εα
454 2300 604 2345 denique
628 2301 746 2333 virtus
772 2310 840 2334 esse
865 2300 1007 2334 videtur
1026 2298 1253 2344 praestantis
1277 2297 1365 2336 viri,
1381 2307 1471 2340 quac

189 2374 239 2403 est
271 2370 467 2414 fructuosa
505 2370 609 2409 aliis,
646 2370 713 2413 ipsi
749 2373 869 2403 autem
894 2370 1073 2402 laboriosa
1098 2370 1165 2400 aut
1186 2366 1384 2411 periculosa
1407 2369 1474 2397 aut

187 2443 281 2474 certe
304 2439 489 2483 gratuita.
538 2438 586 2473 Et
613 2439 649 2473 in
680 2438 785 2472 Orat.
816 2449 885 2483 pro
923 2438 1073 2482 Liqario
1098 2449 1128 2471 c.
1153 2436 1256 2470 XII.
1307 2436 1473 2470 Homines

187 2510 278 2542 enim
317 2508 365 2541 ad
388 2508 466 2541 deos
490 2507 595 2541 nulld
621 2518 658 2541 re
680 2508 828 2553 propius
852 2508 1024 2541 accedunt
1059 2519 1165 2557 quam
1189 2507 1340 2541 salutem
1366 2505 1475 2538 homi-

186 2579 288 2612 uibus
312 2577 443 2611 dando.

773 2644 931 2660 ...ο-
