1630 3217
730 313 737 320 ’
773 329 860 372 158

180 475 393 519 Tantaene
421 471 549 533 igitur
573 471 852 533 turpitudinis
881 482 980 519 nota
1008 473 1213 518 inurenda
1241 472 1354 518 illius
1380 475 1460 520 viri

178 576 370 622 instituto
396 585 509 632 erat,
544 577 619 638 qui
644 576 830 645 *Lycurgi
860 577 1124 640 disciplinam
1143 611 1155 633 ,
1190 593 1318 639 quam
1342 593 1461 622 com-

179 691 372 729 mentum
409 682 607 742 Polybius
648 681 738 742 ipse
774 682 957 728 divinius
984 682 1208 735 censebat,
1256 666 1384 743 quam
1412 689 1461 725 ut

180 788 234 833 ab
274 785 449 832 homine
475 786 684 849 proficisci
711 786 899 847 potuerit
933 786 1000 840 ¹),
1047 785 1291 830 resuscitare
1324 785 1464 846 sepul-

180 898 269 935 tam
295 891 411 936 omni
435 904 516 948 ope
540 888 768 932 conabatur
785 889 807 929 ?
871 888 979 932 Aliis
1013 899 1155 935 tamen
1188 891 1287 935 loeis
1306 924 1317 943 ,
1343 905 1462 950 egre-

179 994 266 1056 gias
290 1007 459 1055 quoque
485 993 574 1053 ejus
602 990 734 1034 animi
762 988 982 1035 facultates
1012 992 1272 1050 agnoscendo
1291 1026 1304 1046 ‚
1337 1006 1460 1036 seve-

182 1097 392 1142 rissimum
415 1094 522 1140 illud
550 1093 764 1155 judicium
788 1092 922 1138 lenire
951 1091 1263 1154 quodammodo
1291 1094 1467 1139 voluisse

181 1202 364 1247 videtur.
428 1200 554 1247 Modo
593 1199 708 1246 enim
739 1199 986 1246 Cleomenes
1032 1200 1144 1261 apud
1187 1200 1309 1246 illum
1350 1201 1469 1246 audit

184 1307 290 1361 ἀνὴρ
318 1307 390 1348 καὶ
422 1307 524 1361 πρὸς
559 1306 634 1354 τὰς
663 1303 826 1358 ὁμιλίας
858 1304 1064 1355 ἐπιδέξιος
1093 1305 1166 1347 καὶ
1202 1306 1303 1361 πρὸς
1333 1321 1470 1361 πραγ-

182 1413 328 1463 μάτων
371 1408 615 1462 οἰκονομίαν
644 1407 795 1461 εὐφυὴς
840 1408 912 1449 καὶ
951 1405 1188 1465 συλλήβδην
1228 1406 1470 1463 ἡγεμονικὸς

182 1510 255 1553 καὶ
282 1507 498 1566 βασιλικὸς
528 1511 582 1564 τῇ
604 1509 733 1561 φύσει·
771 1505 811 1554 2)
841 1506 966 1550 modo
1003 1510 1254 1565 χρηςὸτατος
1277 1510 1356 1564 μὲν
1385 1510 1468 1566 βα-

182 1609 338 1664 σιλεύς,
388 1608 752 1667 εὐτραπελὼτατος
784 1608 829 1653 δὲ
858 1608 988 1654 πάλιν
1019 1609 1187 1667 ἰδιώτης
1210 1612 1282 1653 καὶ
1312 1608 1467 1665 φιλαν-

181 1716 454 1773 θρωπότατος
502 1709 557 1757 ³).
621 1709 737 1755 Alibi
780 1720 960 1755 mortem
986 1726 1081 1756 eum
1110 1711 1327 1754 honestam
1353 1712 1467 1771 turpi

184 1816 296 1860 vitae
341 1813 586 1875 praetulisse
615 1815 674 1858 ait
711 1816 771 1868 ⁴),
825 1815 1164 1875 singularemque
1205 1830 1374 1860 suorum
1420 1816 1465 1858 in

182 1937 279 1966 eum
307 1919 643 1964 benevolentiam
663 1934 899 1962 memorans
917 1953 930 1973 ,
964 1934 1095 1979 quum
1117 1929 1332 1979 sperarent
1354 1934 1465 1964 sem-

180 2038 258 2083 per
284 2030 654 2083 exspectarentque
679 2021 839 2065 salvum
868 2037 965 2065 eum
994 2030 1036 2065 et
1066 2021 1321 2067 incolumem
1338 2022 1466 2081 Spar-

182 2135 269 2170 tam
300 2125 537 2170 rediturum
553 2157 567 2179 ‚
615 2124 674 2168 ita
700 2125 865 2185 pergit:
915 2128 1043 2176 οὕτως
1070 2128 1110 2169 οἱ
1131 2128 1356 2182 δυνάμενοι
1379 2133 1465 2174 τῶν

181 2234 423 2289 ἀνθρώπων
448 2230 662 2282 ἐπιδεξίως
688 2228 846 2286 ὁμιλεῖν
863 2234 949 2281 τοῖς
964 2228 1374 2288 συμπεριφερομένοις
1387 2264 1400 2285 ,
1418 2232 1465 2276 οὐ

233 2395 267 2429 1)
314 2392 356 2427 L.
381 2391 448 2427 VI.
471 2404 504 2427 c.
528 2394 587 2428 48.

230 2463 265 2500 2)
313 2460 361 2497 V.
384 2461 443 2498 39.

233 2536 266 2566 3)
313 2530 374 2566 ΙΧ.
399 2531 460 2566 23.

231 2599 265 2634 ⁴)
314 2598 446 2635 XVIII.
485 2600 543 2635 36.
594 2597 647 2633 De
672 2604 785 2634 morte
822 2598 964 2636 herotca
998 2597 1198 2636 Cleomenis
1232 2599 1280 2637 cf.
1304 2598 1399 2636 Plut.
1429 2599 1465 2634 in

183 2668 259 2713 ejus
283 2667 355 2703 vita
382 2681 411 2704 c.
440 2668 498 2704 37.
526 2674 561 2702 et
584 2665 710 2713 Polyb.
735 2666 779 2706 V.
805 2667 866 2704 39.
