1630 3217
786 279 900 334 53χ

186 430 188 432 ’
226 418 277 463 In
319 419 469 464 mediis
489 440 492 442 >
509 419 660 462 Aratus
680 419 999 477 tempestatibus
1015 451 1026 470 ‚
1060 419 1218 479 egregii
1242 419 1327 462 sihi
1354 433 1450 478 pro-

165 525 290 584 positi
329 524 517 570 conscius
562 532 690 583 atque
732 523 883 567 eximia
907 510 1056 567 fretus
1073 519 1252 566 ³'civium
1281 536 1452 567 suorum

167 624 483 677 benevolentia,
515 622 632 669 haud
661 624 933 691 contremuit.
998 616 1237 671 obstacula
1262 618 1462 676 victafad‘

164 728 323 789 majora
352 726 565 775 vincenda
581 728 770 774 animum
794 727 836 774 ei
852 727 1065 775 addebant
1089 727 1300 789 viresque}-
1317 728 1455 789 *Apud

165 838 312 885 foedus
350 837 589 884 Achaicum
625 847 790 884 tantum
825 839 918 899 'jam
958 839 1048 899 ejus
1076 835 1242 882 valebat
1268 814 1461 881 auctori—

162 948 224 989 tas
241 978 252 996 ,
298 952 346 988 ut
365 979 376 998 ‚
420 939 522 988 nisi‘
539 942 710 1005 singulis
728 976 740 996 ,
765 941 959 987 ⁴alternis
995 949 1110 986 certe
1137 940 1255 985 annis
1282 940 1459 985 Praetor

165 1039 378 1093 crearetur
398 1082 409 1101 ‚
444 1043 720 1108 omniumque
746 1059 856 1107 quae
884 1052 1133 1105 gererentur
1160 1051 1308 1087 auctor
1325 1050 1369 1086 et
1381 1056 1456 1086 ve-

164 1149 245 1194 luti
272 1149 412 1194 anima
441 1159 560 1194 esset.
626 1145 946 1194 Observandum
959 1158 1102 1193 autem
1119 1182 1133 1202 ,
1149 1149 1342 1202 Aratum,
1358 1163 1461 1191 cum

163 1266 212 1295 ex
236 1252 345 1310 regis
369 1251 569 1312 Aegyptii
592 1250 782 1295 amicitia
801 1251 1039 1296 redundare
1050 1251 1094 1296 iri
1108 1251 1318 1313 populum
1339 1265 1464 1296 suum

166 1356 330 1400 fructus
360 1354 542 1400 maxime
575 1351 772 1401 salutares
800 1355 882 1401 sibi
915 1355 1184 1415 persuasisset
1198 1390 1211 1410 ‚
1224 1343 1458 1400 Ptolemae-

163 1471 236 1502 um
263 1456 424 1502 socium
439 1457 677 1503 adscivisse
700 1457 962 1521 eique't'err'a
982 1459 1178 1521 marique
1205 1459 1309 1504 belli
1335 1459 1455 1505 detu-

164 1560 260 1607 lisse
280 1562 569 1623 principatum
608 1563 674 1623 ¹)},
708 1562 760 1606 ad
799 1577 932 1607 unum
962 1563 1121 1624 quippe
1145 1579 1322 1624 scopum
1354 1579 1453 1613 om—

160 1650 232 1710 nia
257 1665 441 1711 referens
459 1700 471 1720 ‚
504 1673 552 1709 ut
575 1664 825 1711 Macedones
849 1664 1136 1726 Peloponneso
1160 1666 1357 1725 ejiceret,
1387 1674 1458 1725 ty-

161 1769 357 1814 rannides
397 1768 645 1813 amoliretur
660 1802 673 1821 ,
701 1767 923 1812 civitatum
958 1767 1146 1814 firmaret
1181 1770 1454 1826 αὐτονομίαν.

162 1870 251 1930 Age
268 1903 282 1925 ‚
316 1868 525 1915 libertatis
551 1870 671 1915 illum
693 1877 835 1916 acrem
863 1882 1222 1935 propugnatorem
1237 1873 1456 1920 'civitates-

163 1972 246 2034 que
291 1973 426 2017 ubivis
469 1972 668 2018 Graeciae
712 1973 983 2017 renascentes·
1026 1972 1171 2035 paullo
1209 1975 1459 2037 diligentius

162 2077 302 2121 animo
332 2076 681 2137 contemplemur.
730 2075 966 2121 Pertinebit
994 2083 1138 2121 autem
1167 2077 1261 2132 illa,
1288 2077 1343 2122 de
1367 2081 1459 2140 qua

158 2181 251 2239 jam
302 2179 494 2225 dicturus
549 2195 639 2224 sum
657 2212 669 2233 ,
727 2188 838 2225 aetas
892 2196 1026 2242 usque
1079 2181 1132 2226 ad
1164 2183 1308 2227 -initia
1326 2184 1461 2228 --bellr

164 2279 423 2327 Cleomenici
442 2317 453 2336 ,
476 2282 636 2344 'viginti
662 2283 751 2328 fere
782 2289 993 2330 annorum
1019 2285 1202 2345 spatium
1216 2278 1450 2354 eontinens.

210 2513 241 2547 1)
290 2516 468 2560 Quantum
507 2521 573 2558 hoe
612 2525 755 2561 nomine
794 2525 955 2562 diversus
991 2540 1010 2562 a
1036 2527 1310 2575 Philopoemene
1336 2530 1444 2565 suerit

165 2585 243 2621 vide
269 2586 305 2621 in
333 2588 376 2622 V.
401 2588 617 2634 Philopoem.
644 2605 674 2627 c.
703 2596 825 2630 VIII.
