1630 3217
839 303 897 348 96

214 439 379 508 praesto
405 444 456 489 aa
479 442 640 492 bellum
662 446 760 493 fuit.
825 445 1023 492 Occurrit
1053 446 1134 491 inis
1167 446 1219 490 aa
1246 433 1496 495 Pallanum

214 550 461 606 Cleomenes
497 566 770 613 pugnamque
809 551 945 598 offert.
1012 550 1132 610 Quod
1156 551 1191 596 si
1220 559 1323 596 tunc
1363 550 1497 596 aleam

204 654 351 714 jacere
390 653 605 715 intrepide
644 642 797 699 Aratus
825 662 946 700 ausus
961 681 964 683 -
979 662 1083 700 esset
1100 688 1113 710 ,
1160 653 1283 715 longe
1310 668 1407 698 sane
1431 653 1498 698 di·

207 746 347 801 versus
364 748 565 802 omnium'
578 771 722 802 rerum
747 726 881 802 exitus
908 756 1204 819 exspectandus
1226 757 1352 802 fuisse
1376 757 1494 803 vide-

209 867 297 918 tur.
360 863 417 905 At
433 895 446 915 ,
490 861 680 922 quamvis
710 860 851 919 copiis
888 869 1039 919 quater
1067 861 1285 923 superior,
1315 860 1467 905 ducem
1482 894 1495 913 ,

210 963 465 1024 confligendi
489 963 693 1024 cupidum
708 997 722 1018 ,
756 964 840 1024 qua
856 952 983 1008 ‘inter
1008 978 1103 1009 suos
1124 966 1289 1010 valebat
1314 956 1497 1010 auctori-

208 1074 296 1111 tate
314 1101 327 1120 ‚
372 1067 563 1112 coercuit
581 1101 605 1120 ,.
638 1082 777 1128 neque
818 1081 1008 1128 pugnare
1048 1066 1191 1128 passus
1218 1076 1297 1116 est.
1360 1069 1497 1114 Nemo
1529 1133 1531 1135 ι

208 1172 435 1219 mirabitur
452 1208 464 1229 ,
498 1173 676 1219 Aratum
695 1208 707 1228 ,
740 1171 820 1218 hac
850 1171 1001 1234 agendi
1026 1171 1187 1217 ratione
1201 1204 1215 1226 ,
1260 1169 1499 1232 planetsin-

210 1277 344 1336 gulari
362 1311 373 1330 ‚
407 1277 452 1320 in
477 1290 673 1337 magnam
700 1271 873 1320 suorum
893 1269 1248 1335 vituperationem
1267 1272 1498 1318 =bostrum-

210 1393 296 1440 que
325 1378 579 1425 derisionem
600 1388 643 1424 et
672 1385 935 1424 contemtum
958 1378 1141 1435 venisse,
1181 1378 1311 1423 immo
1336 1377 1497 1438 Lydia-

207 1480 327 1533 des1)
343 1515 356 1534 ,
390 1483 512 1541 cujus
536 1482 863 1526 immoderatam
881 1483 974 1541 jam
995 1476 1273 1540 cognovimus‘
1290 1481 1496 1526 ambitio-

206 1598 304 1628 nem
323 1618 335 1638 ,
368 1599 468 1629 cum
497 1584 670 1630 alternis
694 1585 785 1631 fere
814 1584 934 1640 annis
952 1619 965 1640 ,
999 1585 1170 1631 Praetor
1191 1587 1343 1632 Aratus
1364 1586 1498 1631 creari

209 1686 361 1732 soleret
377 1719 390 1740 ,
421 1680 540 1732 illam
560 1689 741 1748 arripuit
770 1689 1133 1750 opportunitatem
1152 1722 1165 1743 ,
1197 1695 1274 1743 ut,
1307 1690 1496 1751 proxima

211 1791 441 1846 concione,
466 1792 627 1837 civium
655 1794 817 1838 animos
841 1794 896 1838 ab
917 1810 968 1839 eo
993 1783 1232 1840 abalienare
1247 1807 1495 1840 summum-

210 1910 296 1957 que
322 1895 446 1940 illum
479 1895 702 1942 honorem·
721 1899 766 1943 in
803 1913 846 1942 se
872 1899 1027 1943 iterum
1061 1898 1254 1943 conferre
1290 1897 1493 1945 studeret.

207 2000 323 2046 Latis
358 1992 457 2044 vero
501 2001 705 2062 suffragiis
729 2036 742 2057 ‚
802 2002 922 2048 Arati
962 2017 1087 2047 causa
1104 2031 1106 2033 -
1122 1992 1273 2046 victrix
1311 2001 1415 2045 exiit
1454 2009 1499 2044 et

207 2101 509 2147 duodecimum
536 2103 709 2154 Praetor
731 2105 890 2150 electus
915 2107 1005 2174 eat,
1039 2109 1109 2151 a0.
1143 2105 1230 2150 227
1262 2102 1385 2173 eac.

262 2207 394 2252 Hanc
432 2208 677 2253 Praeturam
717 2208 778 2253 ita
802 2209 1059 2269 auspicatus
1083 2216 1145 2253 eat
1159 2241 1171 2260 ,
1219 2215 1266 2251 ut
1301 2205 1499 2252 Eleorum

211 2315 406 2369 gentem,
439 2320 547 2369 quae
570 2309 836 2354 Achaeorum
860 2310 1057 2377 partibus
1073 2309 1284 2354 adversata
1301 2318 1497 2355 constan-

209 2421 274 2458 ter
302 2411 472 2473 fuerat‚
505 2410 746 2457 incursione
770 2418 951 2472 peteret.
985 2411 1055 2458 Illi
1073 2446 1086 2467 ,
1115 2392 1174 2459 adss
1195 2411 1401 2473 augustias
1430 2427 1498 2457 re-

256 2583 290 2619 1)
336 2574 379 2610 In
415 2574 482 2611 hoc
519 2575 666 2613 nomine
712 2576 966 2616 ohservandum
1014 2587 1096 2625 est,
1147 2580 1238 2629 apud
1269 2579 1498 2618 Plutarchum

204 2642 319 2681 scribi
342 2645 545 2691 Λυσιάδης.
1458 2653 1460 2656 ”
