1630 3217
785 312 843 354 78

163 490 193 510 „
210 452 468 501 adhibenda.
548 452 655 500 Nam
701 453 775 498 ubi
830 468 895 498 res
951 452 1190 501 Cleomenis
1242 456 1449 518 adtingit,
1476 469 1479 471 ·

160 575 308 621 „prae
335 560 475 604 studio
494 594 506 613 ,
547 574 631 620 quo
672 559 716 602 in
742 557 863 602 illum
903 559 1039 605 fertur
1057 594 1069 613 ,
1117 559 1447 621 motu-quodam

161 665 386 720 „afficitur
416 662 628 717 fanatico,
661 672 729 718 et,-
753 663 882 709 veluti
912 663 1141 723 injudicio
1161 698 1173 718 ,
1200 666 1261 710 sic
1290 666 1334 710 in
1363 664 1448 710 his-

160 803 190 821 „
208 767 313 812 toria
329 802 342 821 ,
370 766 475 812 huic
501 775 710 828 perpetuo
731 768 1023 838 patrocinatur
1040 768 1061 823 ,‘
1087 764 1210 815 illum
1232 771 1453 828 (Aratum)

163 909 174 928 ‚
181 902 197 929 ,‹
209 878 477 935 oppugnat.''

217 978 457 1040 Phylarcho
483 979 551 1024 vel
574 980 755 1024 maxime
779 975 1062 1025 diffidendum
1103 981 1284 1026 affirmat
1323 983 1450 1027 etiam

156 1084 359 1143 Polybius
402 1083 433 1130 l.
482 1084 543 1129 ΙΙ.
576 1099 616 1130 c.
653 1084 724 1129 56.
759 1084 952 1128 καθόλου
978 1086 1058 1140 μὲν
1087 1080 1163 1129 οὖν
1181 1118 1195 1138 ,
1230 1084 1370 1144 inquit
1386 1120 1399 1140 ,
1431 1088 1458 1128 ὁ

157 1188 419 1243 συγγραφεύς
439 1176 561 1237 οὗτος
575 1219 590 1240 ,
622 1186 762 1230 πολλὰ
781 1185 882 1243 παρ’
905 1185 1011 1242 ὃλην
1032 1188 1112 1241 τὴν
1134 1188 1451 1244 πραγματείαν,

157 1289 246 1342 εῖκῆ
273 1288 346 1331 καὶ
374 1288 433 1338 ὥς
449 1288 612 1346 ,ἔτυχεν
638 1284 819 1346 εἰ’ρηκ,εν“’
861 1283 1041 1342 „multa
1077 1286 1251 1352 quidem
1282 1289 1477 1333 omnino-

160 1423 191 1444 ,‚
207 1398 354 1434 auctor
384 1389 458 1434 ille
477 1423 489 1442 ,
520 1390 567 1438 in
592 1389 787 1437 universo
817 1404 948 1450 opere
965 1424 977 1444 ‚
1011 1377 1174 1436 temere
1193 1405 1243 1434 ac
1271 1390 1361 1435 sine
1380 1392 1454 1451 ju-

155 1525 186 1547 ‚,
204 1492 319 1537 dicio
358 1493 576 1553 scripsit.'’
608 1507 848 1552 parumque
893 1491 1109 1538 interdum
1158 1493 1247 1535 veri
1288 1492 1450 1535 ratione

152 1594 324 1648 habita,
352 1602 396 1640 et
435 1593 639 1639 Historici
669 1593 810 1639 officio
842 1594 1036 1654 neglecto
1057 1626 1069 1646 ,
1103 1608 1321 1640 exornasse
1351 1597 1451 1639 eum

152 1698 439 1742 narrationem
468 1706 597 1758 atque
617 1698 887 1743 adulterassse
900 1732 912 1751 ,
942 1698 1452 1759 tragoediasquemoven-

155 1803 212 1848 do
232 1837 244 1857 ‚
272 1801 318 1847 id
340 1801 422 1847 sibi
453 1801 649 1864 inprimis
678 1801 946 1863 propositum
970 1799 1167 1845 habuisse
1201 1799 1450 1855 contendit,

154 1914 203 1950 ut
246 1905 378 1949 animi
419 1905 622 1950 excitaret
663 1906 834 1949 affectus
873 1913 916 1949 et
953 1904 1006 1948 ad
1039 1891 1452 1950 commiserationem

155 2011 331 2055 lectores
354 2011 560 2056 flecteret.
595 2010 653 2055 cf.
693 2010 754 2055 ΙΙ.
791 2012 849 2054 58
874 2017 917 2053 et
945 2010 1020 2052 59.

218 2113 283 2159 De
311 2111 395 2158 hoc
419 2099 561 2158 antem
588 2120 866 2174 argumento,
910 2112 1099 2174 quamvis
1135 2111 1315 2174 amplior
1354 2127 1452 2157 om-

156 2218 259 2262 nino
298 2217 471 2263 dicendi
512 2217 689 2262 materia
731 2224 998 2278 suppeteret,
1057 2214 1149 2275 (alii
1189 2214 1306 2259 enim
1351 2226 1452 2259 auc-

155 2332 269 2368 tores
286 2355 298 2374 ,
347 2319 575 2379 Plutarcho
620 2319 814 2378 inprimis
830 2353 841 2371 ,
897 2319 951 2363 ad
996 2316 1172 2387 manum
1215 2313 1405 2374 fuerunt)
1438 2336 1447 2361 ε

156 2430 360 2491 quoniam
393 2444 498 2489 opus
524 2433 654 2471 exstat
685 2425 797 2478 viri,
825 2425 878 2470 de
906 2424 1108 2468 interiore
1138 2421 1321 2467 fontium
1348 2420 1449 2465 Plu-

156 2532 294 2576 tarchi
310 2533 629 2594 disquisitione,
654 2530 988 2595 praeclarissime
1014 2530 1184 2585 meriti,
1210 2525 1451 2592 Heerenum
