1630 3217
806 325 852 363 n·

181 455 287 485 vero
315 447 359 484 et
377 455 453 484 vos
469 473 482 495 ‚
514 443 609 483 viri
635 440 957 484 dilectissimi!
998 444 1283 485 sciscitantes
1310 456 1466 486 aman-

183 529 255 566 ter
292 522 464 567 audio:
518 529 565 566 tu
607 529 754 567 autem
784 558 795 576 ,
851 524 1069 580 quodnam
1111 523 1288 584 tandem
1342 527 1462 568 vitae

182 606 436 648 institutum
476 609 772 665 persequeris
788 604 815 649 P
861 623 977 667 quae
998 626 999 630 ¹
1018 609 1212 653 consilia
1263 613 1421 671 agitas
1438 608 1463 653 P

182 704 298 749 quae
326 691 439 733 vivit
460 690 538 733 sub
552 695 738 750 pectore
766 688 910 750 spes?
982 691 1150 750 Quibus
1190 707 1270 754 ego
1306 703 1466 751 quaes·

185 770 377 814 tionibus
402 785 519 830 quae
544 770 840 832 respondeam
857 804 869 825 ,
915 772 1036 833 quod
1072 773 1205 833 liujus
1233 780 1351 818 certe
1381 774 1470 818 loci

183 857 249 898 sit
266 887 279 908 ‚
310 855 390 897 vix
411 856 606 913 reperio.
641 853 702 897 In
730 855 811 898 lioc
833 858 984 916 igitur
999 890 1010 909 ,
1043 871 1209 914 quaeso
1225 890 1238 911 ‚
1266 859 1467 916 acquies-

185 939 334 980 catis:
388 935 504 978 mihi
567 968 598 987 „
611 934 749 979 Divis
796 939 1086 995 permittenti
1139 944 1316 983 caetera
1334 943 1362 962 ’'
1418 937 1473 981 id

176 1025 427 1085 praecipue
455 1037 635 1066 manere
664 1025 715 1065 in
738 1026 860 1066 votis
878 1042 894 1065 ,τ

792 1107 996 1164 Χαρίτων
1026 1106 1283 1153 κελαδεννᾶν

493 1195 571 1246 Μή
601 1207 650 1246 με
682 1190 799 1233 λίποι
826 1192 1019 1248 καθαρὸν
1049 1189 1214 1244 φέγγος.

188 1274 332 1333 Atqui
350 1307 361 1325 ,

491 1361 520 1401 οἱ
548 1358 735 1415 μοιριδία
766 1376 830 1408 τις
861 1358 1032 1408 δύνασις
1063 1359 1195 1402 δὲινά.

164 1438 245 1482 -V
241 1453 291 1482 os
308 1472 320 1492 ,
358 1445 409 1481 ut
416 1438 559 1496 finem
588 1439 695 1497 jam
717 1441 904 1499 faciam
922 1472 934 1493 ,
979 1442 1077 1482 nisi
1089 1472 1102 1492 ,
1139 1453 1278 1481 meum
1313 1438 1474 1482 huncce

186 1525 457 1584 accipientes
486 1523 708 1575 libellum,
739 1522 809 1566 sic
835 1524 1048 1582 cogitetis
1064 1539 1078 1564 .-

604 1604 716 1655 δόσις
746 1603 786 1648 δ’
811 1604 935 1660 ὀλίγη
963 1620 1007 1648 τε
1036 1603 1139 1660 φίλη
1166 1620 1238 1657 τε,

188 1689 232 1730 si
272 1688 327 1730 id
339 1689 630 1747 potissimum
654 1688 923 1745 respiciatis
941 1718 954 1739 ,
986 1687 1158 1744 qualem
1187 1701 1255 1729 me
1271 1719 1284 1739 ,
1324 1687 1478 1730 vestra*

180 1774 385 1832 primum
415 1771 668 1832 disciplina
690 1777 912 1829 tamquam
947 1773 1196 1815 minoribus
1235 1771 1477 1816 Musarum

190 1855 346 1897 sacris
384 1839 615 1895 initiatum
635 1885 647 1905 ,
694 1858 759 1895 tot
786 1851 947 1896 deinde
985 1859 1158 1911 tamque
1185 1856 1389 1918 egregiis
1413 1853 1481 1898 ad

188 1941 451 1979 accuratam
501 1933 756 1978 doctrinam
810 1935 1159 1995 comparandam
1208 1938 1479 1980 instructum

189 2018 409 2063 subsidiis
422 2052 434 2073 ,
455 2020 636 2078 factum
660 2033 756 2062 esse
779 2025 1004 2078 oporteret
1019 2051 1032 2072 ,
1066 2021 1116 2061 in
1137 2019 1311 2078 afflicta
1336 2034 1479 2062 causa

181 2105 312 2162 perii
340 2102 538 2161 (fatebor
562 2101 693 2158 enim)
714 2117 728 2145 .·
773 2115 924 2145 verum
951 2103 1172 2144 enimvero
1190 2133 1202 2153 ,
1235 2104 1285 2144 in
1328 2100 1478 2143 indul-

186 2187 350 2245 gentia
384 2190 539 2227 vestra
575 2190 617 2226 et
652 2184 933 2227 humanitate
974 2197 1096 2242 spem
1138 2195 1280 2225 meam
1318 2195 1482 2224 omnem

193 2281 375 2327 repono.
438 2266 601 2310 Etiam
627 2271 756 2322 atque
785 2268 924 2308 etiam
948 2265 1174 2307 valetote!
