1630 3217
763 327 848 371 186

164 486 210 514 us
226 503 239 523 ,
283 485 306 511 a
343 485 428 530 quo
473 477 605 514 totam
639 468 747 513 hanc
776 469 832 513 de
859 470 976 514 Arati
1003 478 1138 514 morte
1167 472 1447 515 narrationem

162 572 352 617 sumsisse
384 571 633 619 Plutarchus
672 572 836 619 videtur
854 608 866 627 ‚
916 574 1020 620 haee
1050 576 1175 620 verba
1191 575 1417 639 subjungit
1435 610 1473 628 „

159 678 341 725 maxime
379 677 693 725 memorabilia:
743 681 881 732 Οὕτως
931 681 992 731 ἕςι
1018 680 1126 736 μέγα
1152 696 1194 725 τι
1222 681 1292 725 καὶ
1319 678 1451 724 καλὸν

163 786 298 842 χρῆμα
328 785 545 841 μετριότης
561 817 575 838 ,
607 782 685 833 ὥςε
712 782 874 839 μᾶλλον
897 786 922 827 ό
959 785 1116 831 παθὼν
1128 789 1200 829 τοῦ
1215 785 1453 842 πράξαντος

160 888 361 945 ᾐσχύνετο
388 888 435 931 τὸ
464 887 662 942 γεγονὸς,
691 887 727 928 εἰ
761 888 967 933 τοσούτων
1010 888 1082 931 καὶ
1107 886 1359 944 τηλικούτων
1385 901 1450 928 κε-

164 987 367 1045 κοινηκὼς
411 988 543 1045 ἔργων
589 987 658 1031 ἐπὶ
699 989 758 1043 τῷ
801 988 872 1031 τοῦ
920 985 1146 1033 Φιλίππου
1171 987 1418 1045 συμφέροντι
1436 1019 1448 1038 ,

161 1093 338 1134 τοιαῦτα
382 1089 604 1147 τάπίχειρα
649 1091 860 1143 κεκόμιςαι
892 1092 965 1143 τῆς
996 1087 1160 1138 εὐνοίας
1197 1086 1250 1133 ι-).

223 1195 279 1240 Et
316 1193 563 1254 Philippum
606 1192 779 1255 quidem
801 1226 811 1244 ,
864 1192 918 1237 ob
956 1191 1036 1235 alia
1069 1176 1238 1252 quoque
1264 1190 1416 1235 scelera
1435 1224 1447 1243 ,

165 1303 350 1340 assecuta
382 1302 524 1355 postea
561 1294 751 1339 Nemesis
802 1301 878 1340 est.
956 1295 1111 1341 Aratus
1150 1302 1291 1339 autem
1314 1328 1325 1348 ,
1373 1294 1447 1338 de-

165 1399 326 1444 cimum
366 1398 591 1460 septimum
623 1399 829 1451 Praetor,
863 1397 985 1458 Aegii
1023 1398 1129 1443 obiit
1166 1403 1223 1451 ²).
1283 1400 1346 1446 De
1375 1416 1449 1446 cu-

158 1506 228 1563 jus
263 1517 439 1564 corpore
476 1501 521 1545 in
565 1501 670 1545 urbe
708 1517 780 1546 sua
826 1501 1093 1561 sepeliendO,
1129 1502 1311 1547 multum
1342 1503 1446 1547 deli-

162 1607 363 1650 berarunt
390 1604 596 1663 Sicyonii.
659 1602 847 1650 Mortuos
887 1605 1002 1649 enim
1038 1605 1149 1650 intra
1189 1607 1305 1651 urbis
1329 1623 1447 1652 moe-

161 1709 232 1752 nia
270 1708 449 1752 condere
467 1741 479 1761 ,
525 1707 615 1767 lege
654 1709 901 1752 vetabantur
928 1710 1116 1769 antiqua.
1183 1710 1441 1770 Delphicum

163 1812 322 1857 idcirco
368 1811 505 1857 Deum
544 1812 699 1858 adeunt
752 1812 996 1859 consulturi.
1064 1812 1192 1874 Cujus
1233 1815 1356 1859 effato
1379 1830 1445 1859 re·-

164 1917 319 1979 ligione
363 1917 517 1972 soluti,
565 1933 695 1979 quum
739 1917 889 1962 illustri
928 1917 1108 1962 Aratum
1128 1933 1285 1978 pompa
1312 1918 1443 1963 humo

164 2022 426 2068 mandassent
433 2030 476 2067 et
489 2022 748 2067 monimento
757 2019 1007 2081 sepulchrali
1023 2020 1368 2066 condecorassent
1388 2024 1405 2049 ⁸
1414 2031 1444 2079 ),

221 2359 253 2394 Ι)
300 2358 403 2394 VIII.
431 2361 485 2394 14.

214 2450 247 2485 2)
293 2448 391 2485 Mors
417 2448 518 2485 Arati
544 2447 677 2494 insigne
703 2447 788 2483 dicti
828 2444 1034 2483 Sallustiani
1059 2445 1302 2481 documentum
1331 2454 1439 2490 prae-

161 2519 264 2554 huit:
300 2520 438 2563 regibus
471 2519 738 2553 aliena-virtus
765 2517 996 2561 formidolosa
1034 2519 1094 2549 cst.
1155 2510 1243 2549 Vide
1284 2513 1327 2547 B.
1355 2511 1439 2547 Cat.

166 2600 199 2624 c.
223 2586 309 2624 Vll.

164 2679 196 2727 ἓξ,
216 2677 252 2725 ³)
300 2677 490 2713 Pausanias
515 2676 550 2712 in
580 2675 736 2711 Corinth.
763 2674 805 2709 V.
832 2675 894 2710 Ar.
920 2686 949 2708 c.
976 2672 1076 2708 Llll.

851 2793 870 2826 t
