1630 3217
799 294 856 335 74

176 435 416 480 uberiorem
468 433 687 480 historiam
750 449 790 479 se
845 449 1035 481 exorsum
1098 451 1182 482 esse
1245 438 1469 497 profitetur

173 535 372 596 Polybius
417 537 445 582 l.
484 537 559 582 IV.
606 554 642 582 c.
695 539 739 584 2.
782 551 968 598 eosque,
1015 538 1217 601 singulari
1247 556 1343 586 cum
1383 542 1467 587 fide

169 640 480 701 perspicuoque
522 653 713 684 sermone
761 641 1027 702 *perscriptos
1047 677 1057 696 ,
1105 643 1206 690 λίαν
1237 646 1469 703 ἀληθινούς

172 749 246 791 καὶ
291 752 434 802 σαφεῖς
478 745 508 792 l.
554 745 614 794 II.
659 763 700 792 c.
746 749 804 792 40
824 783 836 801 ,
889 746 933 790 in
982 746 1108 791 rebus
1159 747 1283 807 gestis
1338 747 1467 795 Cleo-

169 847 306 893 menis
357 848 616 911 exponendis
645 885 658 903 ,
724 847 841 909 sequi
879 848 1079 901 ¹maxime
1133 849 1350 895 constituit
1412 853 1466 899 ¹).

170 951 489 998 Observandum
546 959 689 995 autem
744 938 956 1012 inprimis*
992 950 1101 996 mihi
1141 952 1308 999 videtur
1323 988 1335 1008 ,
1383 954 1467 997 nisi

169 1062 352 1106 auctoris
382 1060 485 1105 fides
515 1069 632 1105 extra
664 1075 833 1104 omnem
857 1059 1134 1103 dubitationis
1162 1057 1298 1103 aleam
1330 1059 1466 1120 posita

169 1166 250 1220 sit,
283 1165 522 1226 ejusmodi,
547 1166 721 1225 abipso
753 1179 900 1210 rerum
931 1172 1073 1209 actore
1103 1164 1261 1223 scripto
1288 1162 1467 1207 manda-

169 1277 209 1313 ta
229 1302 242 1323 ,
290 1268 404 1330 quod
442 1268 495 1313 ad
527 1268 740 1313 factorum
766 1268 950 1314 maxime
985 1268 1261 1314 incitamenta
1288 1269 1464 1324 attinet,

167 1386 253 1416 non
290 1371 430 1416 minus
465 1385 589 1431 saepe
616 1385 666 1415 eo
696 1370 834 1415 valere
849 1404 861 1424 ‚
895 1378 942 1415 ut
972 1370 1017 1413 in
1044 1384 1229 1414 errorem
1259 1370 1463 1425 inducant

165 1475 368 1526 lectores,
398 1488 526 1534 quarn
561 1473 643 1517 illis
677 1473 793 1529 ¹viam
826 1471 879 1516 ad
906 1472 1213 1518 accuratiorem
1235 1470 1463 1517 eventuum

165 1555 398 1637 eorumque
420 1588 644 1619 causarum
660 1571 858 1617 notitiam
871 1565 1040 1617 munire
1059 1552 1283 1642 videantur
1302 1573 1315 1619 ε’
1333 1552 1464 1634 'quod

163 1679 360 1768 inprimis
378 1679 513 1730 valet,
541 1677 789 1752 ubicunque
804 1678 857 1720 de
880 1677 1083 1730 crimine,
1113 1677 1170 1720 ob
1184 1675 1367 1721 dedecus
1383 1678 1461 1721 ali-

162 1781 308 1844 quod,
332 1781 424 1825 ab
412 1796 502 1842 1pso
530 1785 703 1825 auctore
728 1771 982 1835 admissum,
1008 1781 1279 1865 expurgando
1303 1782 1457 1868 agitur.

163 1864 397 1933 Commode
428 1888 544 1931 enim
574 1886 660 1932 huc
692 1901 863 1955 quoque
882 1875 1119 1931 Ciceronis
1161 1861 1275 1931 illud
1308 1860 1458 1931 referri

159 1993 318 2052 possit.
354 1992 459 2036 »Tu
482 1991 566 2037 hoc
596 2007 681 2051 non
711 1990 828 2035 vides
856 2005 985 2051 quam
1009 1988 1165 2034 blanda
1192 1967 1456 2036 conciliatrix

161 2106 240 2142 »et
286 2096 405 2157 quasi
441 2095 505 2139 sui
548 2094 602 2138 sit
640 2093 736 2136 lena
780 2099 931 2136 natura
962 2091 1071 2137 ²)?”
1136 2091 1297 2150 Quotus
1338 2093 1453 2138 enirn

156 2246 242 2281 tur3
263 2236 440 2272 librorum
459 2237 561 2284 'enim
584 2248 752 2271 numerus
779 2236 822 2286 inq
840 2246 928 2282 quos
949 2233 1219 2278 dividebantur,
1259 2236 1356 2273 ultra
1379 2239 1451 2274 tri-

154 2307 254 2355 ginta
286 2294 460 2353 adsurgit.
518 2307 724 2353 Anonymus
745 2299 798 2339 'in
834 2303 921 2341 Vita
963 2305 1066 2342 Arati
1110 2306 1271 2352 poi-ttae:
1319 2302 1453 2363 Τρίτος

151 2371 316 2426 ”Aeacos
350 2375 553 2433 Zurmbvooc
589 2367 632 2411 οὗ
666 2378 738 2416 ἓςιν
772 2378 796 2421 ἦ
830 2371 1241 2426 πόλῦβιβλοέ’“’ὶ’ςοζ>ιῖοι4
1275 2364 1370 2425 {mgb
1392 2380 1452 2413 ’τὰ

154 2442 355 2493 τριάκοντα
380 2446 521 2489 βιβλία
546 2446 636 2491 ἔχοι
640 2458 699 2482 σα.
749 2444 838 2481 Vide
862 2446 1003 2484 Heeren
1030 2446 1266 2495 ΟΡ41.’

204 2515 236 2547 ¹)
284 2515 336 2550 II.
362 2517 420 2550 56.
448 2514 598 2562 Ἀράτω
624 2518 688 2559 ῆιι
676 2521 712 2549 ἴν
737 2520 1001 2564 προῃρημένοις
1034 2519 1315 2553 κατακολουθεῖ
1317 2533 1335 2552 ν
1360 2519 1449 2565 περὶ

153 2584 225 2618 τῶν
248 2580 524 2625 Κλεομιείικῶν

201 2651 235 2683 2)
284 2651 339 2685 Dc
364 2652 458 2687 Nat.
484 2652 595 2687 Dcor.
621 2653 659 2687 I.
686 2652 745 2688 27.
