1630 3217
789 317 845 360 98

177 467 305 519 geret.
341 458 467 527 Urbis
497 457 654 503 incolas
680 467 926 504 convocatos
953 460 1063 504 bono
1091 460 1229 504 animo
1247 462 1467 522 essejussit

175 579 374 623 suaque,·
395 572 441 608 ut
476 564 685 617 solerent,
737 579 911 612 curare:
966 581 1033 610 eos
1058 565 1169 610 enim
1189 599 1201 619 ,
1254 564 1464 612 Achaicae

175 668 314 712 denuo
351 668 612 728 reipublicae
650 669 884 731 participes
903 704 915 724 ,
968 669 1020 714 ab
1067 668 1183 713 omni
1226 683 1267 712 se
1311 668 1464 713 damno

133 836 137 841 .
175 779 290 817 tutos
320 772 640 832 praestiturum.
706 773 810 818 Tam
848 773 1065 834 inopinata
1103 772 1341 819 humanitas
1371 788 1467 819 om-

174 879 297 924 nium
332 879 474 924 statim
503 879 667 923 animos
711 858 919 923 convertit
958 886 1000 923 et
1031 876 1317 939 spectaculum
1344 891 1468 936 prae-

177 980 269 1025 buit
293 979 485 1024 omnium
507 980 811 1025 suavissimum.
864 980 976 1037 Quos
1004 981 1122 1024 enim
1146 981 1291 1026 hostili
1320 979 1464 1040 paullo

177 1093 273 1132 ante
305 1085 446 1130 animo
470 1091 840 1145 oppugnaverant,
891 1081 935 1125 in
960 1081 1082 1129 aedes
1108 1082 1190 1142 ipsi
1216 1098 1307 1128 suas
1336 1083 1466 1128 indu-

176 1197 276 1232 cunt
293 1223 304 1242 ,
341 1188 393 1232 ad
422 1188 537 1232 focos
562 1187 785 1234 considere
812 1187 975 1232 faciunt
993 1221 1006 1242 ,
1039 1201 1118 1247 pro
1147 1186 1293 1231 amicis
1326 1187 1469 1231 fratri-

177 1295 342 1354 busque
364 1295 562 1340 salutant.
613 1295 750 1351 Quam
772 1296 925 1351 merito
953 1304 1094 1339 autem
1125 1295 1232 1340 illud
1259 1297 1468 1349 fecerint,

179 1399 348 1457 Polybii
362 1400 489 1443 verba
501 1434 512 1452 ,
530 1399 737 1460 insignem
754 1400 798 1443 in
814 1398 988 1443 modum
1001 1433 1013 1452 ,
1032 1399 1245 1444 declarant
1263 1419 1272 1445 :
1312 1433 1342 1453 „
1357 1399 1469 1443 haud

178 1503 339 1557 „scio”
372 1503 514 1563 inquit
544 1518 640 1557 „an
668 1502 806 1547 nullus
836 1517 1025 1563 unquam
1057 1501 1222 1548 hostem
1248 1502 1469 1563 benignio-

176 1622 311 1663 ‚,rem
330 1581 533 1669 'expertus
563 1607 692 1651 fuerit
707 1640 720 1661 ‚
753 1614 824 1651 aut
848 1620 947 1650 cum
976 1605 1123 1650 leviori
1144 1605 1299 1651 damno
1315 1640 1327 1660 ,
1361 1622 1469 1666 quae

178 1747 207 1767 ‚,
221 1714 514 1758 acerbissimae
550 1713 762 1757 habentur
805 1711 1062 1776 calamitates
1084 1745 1095 1765 ,
1142 1712 1195 1754 sit
1233 1711 1436 1755 eluctatus
1455 1743 1467 1764 ,

178 1830 350 1877 „quam
394 1815 727 1880 Mantineenses‚
770 1823 945 1876 propter
973 1815 1096 1860 Arati
1116 1814 1467 1876 Achaeorumque

180 1918 534 1974 „humanitatem
574 1921 663 1973 ¹).'’
697 1919 779 1973 At,
812 1918 976 1963 varium
992 1917 1346 1963 Mantineensium
1363 1933 1468 1979 per-

170 2023 389 2084 fidumque
432 2022 622 2067 animum
660 2021 948 2068 consideranti
981 2022 1026 2067 in
1059 2030 1248 2068 mentem
1291 2022 1465 2067 veniunt

171 2125 404 2187 Oedipodis
428 2125 542 2186 apud
569 2125 825 2187 Sophoclem
854 2126 1013 2173 verba:

286 2235 462 2287 θνήσκει
494 2231 540 2276 δὲ
572 2233 687 2283 πίςις
718 2231 923 2291 βλαςάνει
956 2232 996 2278 δ’
1028 2233 1194 2283 οἰπιςία.
1263 2250 1265 2252 ·

292 2334 365 2376 καὶ
396 2336 559 2389 πνεῦμα
588 2334 747 2379 ταύτὸν
777 2334 923 2378 οὔποτ’
955 2334 1045 2378 οὔτ’
1078 2336 1124 2379 ἐν
1155 2332 1329 2392 ἀνδράσι

293 2436 432 2492 φίλοις
463 2435 644 2500 βέβηκεν
675 2440 769 2481 οὔτε
800 2438 902 2495 πρὸς
933 2436 1059 2483 πόλιν
1090 2436 1208 2482 πόλει
1244 2440 1297 2491 2).

222 2604 255 2647 ι)
302 2599 430 2648 Polyb.
455 2599 505 2637 11.
533 2599 593 2636 57.

219 2669 253 2703 2)
303 2669 392 2706 oed.
418 2669 496 2708 Col.
522 2669 585 2706 Vs.
613 2668 697 2707 607.
