1630 3217
773 370 859 414 150

176 514 345 570 πλῆθος
371 514 439 558 ἐπὶ
470 517 543 568 τῆς
573 513 701 569 αὐτῆς
727 516 850 571 ὁρμῆς
880 514 964 576 rlq.
997 530 1035 560 c.
1071 516 1124 558 51
1145 523 1269 575 ‚post
1281 530 1466 576 pugnam

176 617 221 658 in
242 630 341 676 agro
384 616 662 675 Dymaeensi,
696 619 912 662 communi
941 635 1010 664 eos
1040 633 1265 673 consensu,
1300 623 1463 677 ὁμοθυ-

174 720 313 774 μαδὸν
331 753 343 772 ,
378 719 625 764 dilationem
653 722 779 766 rebus
795 725 890 783 jam
918 740 1004 769 non
1025 725 1255 770 ferentibus
1270 757 1284 778 ,
1300 725 1352 769 ad
1370 726 1464 770 An-

173 824 368 884 tigonum
398 826 633 886 confugisse
661 827 863 880 affirmat,
898 837 970 880 et,
1002 805 1085 872 sibi
1111 836 1225 872 certe
1255 835 1461 879 constans,

173 942 229 970 ne
254 928 500 972 levissimam
528 927 699 988 quidem
735 943 881 972 eorum
906 933 1170 977 mentionem
1185 933 1328 976 inserit
1345 966 1356 985 ,
1374 931 1466 991 qui,

172 1031 404 1075 secundum
444 1031 579 1075 multo
621 1031 959 1075 verisimiliorem
1003 1032 1219 1076 Plutarchi
1256 1033 1466 1077 narratio-

171 1153 294 1191 nem,
340 1137 475 1181 ubivis
545 1136 821 1197 Peloponnesi
856 1171 867 1190 ,
913 1135 1009 1180 satis
1058 1134 1200 1195 amplo
1249 1149 1426 1177 numero
1451 1170 1462 1189 ‚

176 1241 412 1287 Cleomenis
443 1252 582 1304 partes
609 1243 817 1304 amplexi,
851 1243 1130 1286 irascerentur
1160 1239 1289 1283 Arato
1308 1272 1319 1291 ,
1349 1236 1463 1298 quod

174 1346 455 1390 Macedonum
479 1363 581 1405 opes
611 1348 653 1389 in
683 1348 870 1405 ipsorum
897 1346 1079 1404 patriam
1102 1345 1242 1388 denuo
1272 1342 1465 1386 inferret.

172 1447 315 1492 Rebus
343 1449 427 1492 suis
454 1449 600 1493 fucum
629 1450 682 1491 ab
710 1448 979 1491 Achaeorum
1004 1446 1111 1490 duce
1137 1445 1319 1490 oblitum
1337 1479 1350 1499 ,
1382 1459 1464 1488 ne-

169 1564 240 1593 mo
276 1550 498 1610 quisquam
518 1585 531 1604 ‚
577 1559 752 1594 naturae
789 1549 999 1593 humanae
1028 1548 1093 1591 vel
1123 1546 1344 1608 paululum
1365 1560 1467 1606 gna-

166 1668 263 1708 rus,
311 1654 559 1700 mirabitur:
597 1664 671 1710 at,
701 1654 971 1698 mirabuntur
995 1660 1112 1699 certe
1141 1651 1267 1697 multi
1301 1685 1333 1707 ,‚
1366 1652 1464 1695 kis-

169 1759 319 1797 toriae
350 1757 471 1815 leges
492 1791 503 1809 ‚
528 1761 761 1816 primam:
792 1772 847 1799 ne
859 1758 1105 1816 qzcidfalsi
1119 1759 1268 1800 dicere
1278 1758 1465 1807 audeat,-

170 1857 329 1900 deinde
372 1873 426 1900 ne
452 1859 569 1916 quid
588 1862 689 1901 veri
711 1874 797 1901 non
822 1859 1016 1911 audeat,
1055 1875 1109 1902 ne
1137 1876 1227 1918 qua
1256 1860 1468 1918 suspicio

160 1963 354 2021 gratiae
375 1963 440 2003 sit
454 1963 502 2003 in
516 1924 755 2004 }crz·6endo
770 1976 824 2003 ne
839 1976 930 2019 qua
948 1961 1203 2003 simultatis
1220 1964 1265 2013 ,⁹⁹
1286 1955 1324 2002 ¹)
1342 1959 1467 2003 hasce

166 2062 294 2121 igitur
318 2061 429 2122 leges
458 2062 681 2122 Polybium
709 2062 812 2106 adeo
843 2063 971 2106 fuisse
1002 2071 1316 2123 transgressum.
1341 2063 1466 2120 Poly—

166 2165 311 2217 bium,
345 2165 537 2224 inquam.
574 2163 655 2220 Qui
671 2165 785 2208 enim
807 2165 986 2209 inveniri
1009 2164 1277 2209 historiarum
1291 2163 1468 2222 scriptor

162 2272 291 2332 possit
309 2305 321 2324 ,
356 2272 430 2331 qui
448 2305 460 2326 ,
497 2280 701 2332 quantum
729 2272 810 2315 sibi
840 2273 893 2315 ad
925 2273 1154 2317 veritatem
1184 2280 1287 2316 esset
1301 2271 1465 2315 eniten-
1501 2333 1505 2337 .

167 2372 271 2417 dum
288 2406 301 2426 ‚
343 2373 473 2416 fusius
512 2374 601 2432 ipse
631 2377 840 2434 professus
868 2377 997 2420 fuerit
1031 2384 1072 2420 et
1100 2374 1464 2436 magnificentius?

167 2476 371 2522 Attendas
397 2492 437 2523 v.
474 2492 513 2521 c.
532 2476 673 2521 locum
689 2478 840 2522 omniu
853 2494 894 2523 m
910 2478 1309 2540 praestantissimum
1324 2477 1354 2525 l.
1371 2478 1407 2524 Ι.
1425 2494 1464 2524 c.

212 2708 244 2745 i)
295 2702 419 2742 cicero
444 2706 485 2740 de
515 2705 620 2742 Orat.
645 2705 710 2743 II.
738 2709 796 2743 15.
