1630 3217
240 312 264 328 a
445 295 449 298 ’
787 284 868 325 111

185 430 345 475 nienses
384 427 650 478 studuerunt,
697 426 885 485 quamvis
922 423 1028 466 alius
1070 431 1172 467 tunc
1205 420 1469 465 Achaeorum

184 535 354 579 tenebat
385 531 614 592 imperium
632 562 644 582 ‚
676 528 795 573 Arati
822 529 991 573 virtutis
1010 542 1218 573 memores
1236 562 1247 582 ‚
1283 528 1326 572 in
1354 529 1471 573 auxi-

184 638 287 681 lium
317 636 431 680 hunc
456 634 536 678 sibi
567 640 768 676 vocarunt
807 631 862 684 ¹).
923 628 1265 683 Aristomachus,
1298 631 1468 675 Praetor

185 743 255 784 a0.
287 739 374 781 226
402 753 440 781 a.
471 734 520 781 C.
542 769 553 788 ,
588 749 719 796 quum
738 769 750 789 ,
778 744 1040 796 repugnante
1063 736 1191 779 Arato
1209 768 1220 789 ,
1247 734 1471 795 Spartanos

186 838 354 900 aggredi
396 836 549 891 vellet,
600 838 904 898 obsequentem
957 835 1072 880 hunc
1124 837 1311 898 primum
1360 837 1469 881 illius

186 941 425 986 auctoritati
456 940 696 995 cernimus,
730 941 934 986 instructa
977 950 1117 986 tamen
1157 941 1247 985 acie
1267 975 1279 995 ‚
1326 956 1471 985 manus

186 1063 319 1108 quum
342 1047 520 1107 Jamjam
551 1054 686 1092 essent
714 1046 977 1101 conserturi,
1009 1061 1194 1107 pugnam
1226 1045 1472 1091 committe-

185 1168 230 1197 re
275 1153 517 1198 Praetorem
554 1150 755 1213 prohibet
808 1154 863 1205 2).
946 1151 1038 1208 Quo
1078 1159 1269 1214 tempore
1315 1148 1475 1196 Achaei

188 1257 337 1314 magna
374 1249 419 1298 3
443 1254 660 1315 Spartanis
696 1253 750 1296 ad
781 1252 1139 1304 Hecatombaeum
1178 1252 1298 1297 clade
1338 1252 1476 1296 affecti

184 1335 354 1401 'fuerant
370 1390 382 1410 ,
415 1348 687 1416 Hyperbates
709 1354 1085 1416 Praetor·quidem
1111 1365 1200 1401 erat
1222 1390 1234 1410 ,
1265 1355 1335 1401 sed
1362 1370 1472 1401 sum-

187 1474 255 1503 ma
280 1473 421 1503 rerum
463 1459 544 1503 fuit
583 1458 697 1519 apud
736 1460 914 1504 Aratum
953 1462 1010 1522 ³).
1077 1460 1192 1518 Quae
1217 1476 1314 1505 sane
1337 1461 1473 1506 conti-

187 1578 270 1607 nua
316 1564 436 1608 Arati
470 1562 700 1607 auctoritas
728 1561 842 1606 haud
882 1562 1018 1606 facilis
1045 1561 1256 1625 explicatu
1284 1563 1475 1608 videatur

188 1667 494 1721 consideranti,
529 1669 572 1711 in
603 1675 710 1728 quot
750 1675 990 1727 quantaque
1009 1702 1020 1720 ,
1066 1683 1142 1727 per
1167 1667 1278 1711 hanc
1309 1670 1444 1729 ipsam
1463 1703 1475 1722 ,

187 1771 340 1815 damna
360 1804 373 1824 ,
419 1769 579 1815 Achaei
620 1769 877 1814 incurrerint
912 1768 969 1816 ²¹).
1032 1771 1088 1814 At
1123 1785 1220 1813 vero
1239 1802 1253 1825 ‚
1300 1770 1476 1831 insignia

237 1933 270 1968 ¹)
317 1932 372 1968 Ib.
398 1945 430 1967 c.
455 1931 612 1968 XXXIV.

235 2003 269 2037 2)
320 2003 366 2040 V,
391 2003 581 2037 Cleomenis
603 2015 634 2038 c.
659 2003 732 2038 IV.
757 2005 807 2049 cf.
835 2003 879 2038 V.
904 2005 976 2038 Ar.
1003 2016 1035 2038 c.
1059 2003 1224 2039 XXXV.
1249 2005 1286 2037 in
1303 2005 1395 2049 fine.

234 2069 270 2112 3)
325 2071 367 2107 V.
390 2070 496 2108 Plut.
519 2072 560 2106 in
586 2071 717 2109 Cleom.
744 2084 774 2107 c.
798 2071 864 2108 XI
868 2072 910 2108 V.

236 2143 271 2175 ⁴)
319 2138 396 2183 Quo
422 2138 499 2175 loco
524 2138 740 2175 Plutarchus
766 2139 861 2175 inter
886 2148 1014 2175 tetram
1045 2140 1219 2187 Aristippi
1251 2140 1477 2187 tyrannidem

194 2216 300 2255 atque
322 2208 534 2255 imperium,
557 2221 627 2256 quo
653 2209 691 2244 in
716 2221 797 2245 suos
822 2209 963 2247 valebat
985 2211 1114 2247 Aratus
1128 2235 1137 2252 ‚
1177 2211 1479 2257 comparationem

192 2275 371 2319 instituit,
405 2276 452 2313 -de
486 2276 554 2314 hoc
588 2277 642 2314 ita
665 2275 849 2325 disputat:
876 2277 895 2312 ὃ
920 2276 956 2313 δ’
988 2278 1057 2325 οὐχ
1090 2278 1215 2318 ὅπλοις
1240 2281 1336 2314 κατὰ
1365 2282 1479 2323 βίαν,

188 2347 286 2393 νόμῳ
319 2348 357 2383 δ’
396 2347 461 2383 ὑπ’
499 2350 632 2396 ἀρετῆς
677 2349 939 2389 ἀκατάπαυςον
984 2350 1102 2396 ἀρχὴν
1148 2353 1481 2396 περιπεποιημένος

185 2411 254 2460 rlq.
304 2414 406 2452 Hunc
430 2415 547 2463 locum
571 2416 754 2464 Bayerus‚
793 2416 837 2453 ad
872 2417 1087 2454 sententiam
1124 2429 1223 2453 suam
1264 2416 1478 2453 confirman-

188 2481 268 2517 dam
283 2505 294 2522 ‚
320 2481 493 2526 laudans,
519 2492 649 2531 rogat:
674 2487 759 2530 quid
783 2488 1044 2526 ἀκατάπαυςος
1075 2488 1172 2532 ἀρχὴ
1196 2488 1265 2520 nisi
1287 2488 1478 2520 continua-

187 2552 247 2584 tae
269 2549 510 2586 Praeturae?
567 2554 621 2586 In
651 2553 765 2597 fastis
798 2555 893 2591 Ach.
931 2555 986 2591 ill.
1023 2567 1052 2591 c.
1091 2554 1157 2589 II.
1181 2559 1265 2591 sect.
1291 2556 1326 2591 8.
1374 2554 1478 2590 Haud

186 2618 258 2655 scio
284 2626 400 2655 tamen
427 2631 471 2655 an
496 2619 581 2656 haec
607 2621 713 2657 verba
740 2623 970 2669 intelligenda
1011 2623 1174 2670 inprimis
1200 2625 1241 2660 de
1269 2625 1302 2660 vi
1329 2633 1363 2660 et
1388 2637 1475 2661 aue·
