1630 3217
720 238 802 279 177

111 386 154 429 in
181 393 393 445 posterum
425 378 671 440 patiendum
704 379 910 434 affirmat,
945 385 1014 429 et,
1045 388 1299 435 quamquam
1314 388 1391 434 pro

104 490 350 533 auctoritate
370 520 381 538 ,
431 487 512 544 qua
554 484 662 525 inter
704 481 952 525 Macedones
995 479 1155 521 summa
1202 476 1385 536 pollebat

106 591 272 651 Apelles
291 624 303 642 ,
350 553 574 633 connirere
616 584 659 626 in
689 582 830 626 multis
854 583 907 625 ab
936 582 1015 624 hoc
1048 581 1137 623 viro
1164 587 1386 639 perpetra-

106 694 165 747 tis,
189 691 414 751 cogebatur
434 723 447 744 ‚
478 684 752 731 nihilominus
782 685 823 727 ei
844 682 1054 743 praecipit
1069 696 1121 725 ne
1144 680 1248 740 quid
1274 687 1388 739 post-

102 792 181 837 hac
199 827 211 847 ,
259 806 343 835 non
369 788 512 834 audita
541 785 748 831 Praetoris
774 785 1005 844 sententia,
1040 783 1219 829 Achaeis
1242 785 1385 843 impe-

100 902 225 939 raret.
301 891 583 937 Reverebatur
621 889 760 933 adhuc
780 923 791 941 ,
839 897 885 932 ut
908 886 1074 931 videtur
1091 920 1102 940 ‚
1145 886 1320 930 Aratum
1342 891 1384 927 et

102 995 368 1058 suspiciebat,
398 1004 488 1039 tum
516 1001 689 1054 propter
719 992 1028 1054 conjunctionis
1040 991 1259 1036 vinculum
1272 989 1384 1051 quod

101 1098 164 1142 illi
192 1114 290 1153 cum
314 1098 525 1158 Antigono
551 1099 838 1142 intercesserat
855 1132 866 1150 ‚
898 1106 991 1141 tum
1007 1097 1120 1158 quod
1134 1096 1381 1140 auctoritate

100 1208 143 1254 et
183 1201 314 1259 gratia
333 1234 344 1253 ,
393 1201 436 1246 in
468 1199 734 1245 Achaeorum
757 1209 881 1259 gente
899 1235 912 1254 ,
943 1201 1096 1244 valeret
1125 1201 1381 1260 plurimum,

99 1310 191 1346 tum
215 1302 394 1346 maxime
421 1311 594 1362 propter
623 1303 878 1363 singularem
897 1306 996 1363 ⁵ejus
1024 1305 1070 1348 in
1100 1304 1225 1347 rebus
1241 1301 1381 1346 admi—

99 1403 321 1448 nistrandis
346 1404 639 1450 dexteritatem
669 1415 711 1449 et
742 1407 1024 1466 prudentiam.
1087 1408 1144 1450 At
1165 1420 1263 1449 vero
1282 1439 1294 1458 ,
1309 1406 1381 1448 in-

98 1504 223 1565 signis
262 1521 310 1549 ac
353 1505 478 1566 plane
507 1507 740 1567 stupendae
763 1507 806 1551 in
835 1507 1023 1568 Philippi
1046 1507 1232 1554 moribus
1263 1521 1380 1551 com-

24 1606 26 1608 ’
98 1608 341 1652 mutationis
356 1642 367 1661 ‚
402 1624 527 1669 quam
559 1610 725 1670 antiqui
766 1610 988 1669 scriptores
1018 1616 1373 1660 commemorant,

98 1713 143 1755 in
173 1712 275 1767 illis,
318 1728 427 1772 quae
452 1714 642 1773 proxime
672 1722 904 1773 sequuntur
923 1747 934 1766 ‚
968 1713 1187 1757 manifesta
1204 1714 1294 1772 jam
1306 1711 1380 1756 de-

98 1812 415 1873 prehenduntur
447 1814 622 1865 indicia.

157 1916 325 1973 Etenim
362 1912 530 1977 Apelles
548 1952 579 1976 ,Α
609 1934 661 1961 ne
701 1920 760 1963 sic
787 1920 955 1980 quidem
978 1954 990 1974 ,
1024 1936 1047 1963 a
1074 1920 1271 1966 Graeciae
1300 1936 1376 1980 op-

96 2016 341 2081 primendae
365 2019 581 2064 remittens
613 2021 831 2066 conatibus
847 2056 861 2077 ,
909 2022 951 2066 id
981 2022 1127 2082 agebat
1159 2021 1303 2067 sedulo
1330 2032 1378 2067 ut

95 2125 140 2184 et
159 2117 294 2178 ipsum
339 2121 514 2183 Aratum
546 2132 588 2166 et
618 2124 692 2183 qui
729 2125 782 2168 ab
807 2126 894 2184 ejus
921 2125 1109 2186 partibus
1147 2134 1303 2171 starent
1348 2142 1371 2169 a

2 2224 4 2226 ’
44 2275 50 2280 .
95 2233 237 2264 rerum
254 2224 541 2284 moderamine
568 2225 814 2286 depelleret.
882 2228 980 2287 Ejus
1009 2237 1155 2273 contra
1186 2230 1377 2273 adversa-

95 2321 178 2365 rios
201 2324 292 2391 'uhi
319 2326 549 2389 >diligenter
579 2344 602 2372 e
632 2330 755 2375 variis
778 2332 1083 2391 conquisiverat
1107 2323 1344 2376 civitatibus
1361 2365 1372 2383 ‚

95 2423 275 2483 singulos
309 2426 360 2469 ad
401 2443 442 2471 se
486 2440 650 2475 vocatos
695 2433 918 2478 conciliare
946 2434 1026 2478 sibi
1056 2434 1228 2493 regique
1253 2448 1375 2477 com-
1408 2423 1419 2440 ⁸

92 2526 288 2572 mendare
325 2531 546 2587 studebat,
592 2537 659 2580 cui
700 2547 912 2598 praeterea
942 2539 1223 2584 demonstrare
1255 2538 1369 2582 omni

1181 2642 1233 2683 12
