1630 3217
796 629 837 686 §·
870 626 914 671 2.

666 866 1027 915 CLEOMENES.

196 1400 467 1508 Postquam
489 1446 590 1508 Agis
611 1447 696 1496 111.
714 1483 728 1504 ,
755 1450 923 1510 juvenis
940 1484 953 1504 ,
985 1450 1052 1495 vix
1079 1465 1269 1512 unquam
1298 1454 1395 1514 satis
1420 1468 1491 1497 ce-

191 1550 417 1597 lebrandus
435 1587 448 1607 ‚
480 1553 813 1613 generosissimos
826 1553 1026 1616 antiquae
1039 1552 1215 1615 Spartae
1241 1554 1491 1600 resuscitan-

194 1656 273 1700 dae
299 1665 473 1714 conatus
495 1665 633 1701 morte
655 1657 792 1701 luerat
820 1658 1087 1702 acerbissima
1124 1659 1164 1722 ¹)
1180 1690 1193 1711 ,
1227 1672 1331 1717 opus
1369 1656 1492 1700 dere-

196 1761 346 1806 lictum
368 1760 567 1805 audacter
593 1760 974 1805 consummandum
1000 1761 1185 1823 suscepit
1215 1759 1488 1816 Cleomenes,

191 1864 284 1919 vir,
330 1864 364 1909 si
402 1864 497 1924 quis
538 1863 672 1918 alim,
719 1872 843 1908 tanto
881 1864 1052 1925 negotio
1073 1878 1169 1924 par.
1232 1863 1494 1910 Ardentibus

191 1976 314 2014 natus
334 1968 640 2031 cupiditatibus
664 1968 860 2014 doctrina
875 1970 1009 2014 sto'ica
1023 1968 1114 2014 'vim
1137 1979 1408 2032 promoverat
1424 1970 1492 2015 in-

190 2075 332 2121 sitam.
395 2075 605 2132 Quocirca
641 2076 686 2119 in
730 2075 946 2136 proposita
974 2091 1171 2137 quaeque
1199 2090 1298 2119 cum
1327 2075 1491 2135 impetu

191 2193 314 2222 ruere
334 2197 344 2224 z
379 2178 422 2222 vi
451 2193 579 2239 quam
593 2179 867 2239 persuasione
883 2178 948 2223 uti
968 2178 1122 2225 malle:
1157 2157 1493 2240 pulcherrimum

192 2282 350 2327 ducere
383 2284 593 2343 imperare
640 2283 907 2335 volentibus,
955 2281 1185 2342 pulchrum
1216 2281 1345 2328 etiam
1377 2280 1493 2327 invi-

240 2460 273 2491 ι)
322 2446 380 2483 Cf.
408 2448 450 2482 V.
477 2447 623 2492 Aqidis.
675 2446 865 2481 Diversam
902 2445 1098 2481 Pausaniae
1134 2444 1177 2481 de
1213 2452 1328 2481 morte
1368 2443 1491 2491 Agidis

190 2517 404 2554 sententiam
447 2516 641 2565 repudiant
680 2516 865 2553 Simsonus
912 2517 949 2550 in
987 2515 1157 2550 Chronico
1205 2515 1255 2549 ad
1303 2527 1339 2550 α.
1379 2514 1488 2550 3764.

188 2587 308 2635 Bayer
343 2589 380 2621 in
415 2568 523 2623 Fast.
558 2587 651 2622 Ach.
690 2599 721 2623 c.
762 2587 828 2623 II.
860 2590 944 2622 sect.
981 2587 1039 2623 10.
1078 2585 1286 2633 quibuscum
1325 2581 1491 2621 convenit

189 2656 315 2694 Cicero
341 2656 383 2693 de
412 2655 486 2703 Off.
514 2657 580 2697 ΙΙ,
608 2657 668 2694 23.
