1630 3217
794 278 881 321 1'17

195 429 307 485 αὐτῷ
348 413 633 482 παραδιδόμαι
691 422 768 474 τὴν
818 417 1047 476 ἡγεμονίαν
1071 448 1084 469 ,
1147 416 1219 465 ὥς.
1247 412 1393 457 voti-zm
1424 417 1477 471 μὴ

193 531 443 584 διοισόμενος
472 525 574 581 πρὸς
595 521 745 573 αὐτούς
761 555 782 577 ,.
823 518 1035 564 ἀλλὰκαὶ
1065 519 1161 568 τούς
1191 516 1480 576 αἰχμαλώτους

193 631 319 678 εὐθύς
349 626 584 673 ἀποδώσων
613 623 766 665 καὶ.τὰ
800 621 928 679 χωρία
967 621 981 646 ¹
1009 652 1022 666 .
1072 619 1477 676 Quibus'conditio-

192 730 316 773 nibus
343 743 441 772 cum
480 724 642 770 Achaei
674 724 982 785 acquiescentes
998 759 1012 779 ‚
1064 723 1332 771 Cleomenem
1366 727 1476 771 Ler-

189 847 287 875 nam
306 864 319 885 ‚
367 829 443 873 ubi
471 829 707 874 concilium.
734 830 884 890 populi
915 828 1105 875 habituri
1134 841 1268 877 essent
1286 866 1299 886 ,
1337 848 1478 877 vocas-

189 940 281 977 sent
310 931 533 993 omniaque
561 939 814 976 conventura
845 931 1116 980 videremur:
1154 949 1283 987 ecce,
1332 949 1403 978 rex
1431 936 1474 978 in

188 1037 375 1082 subitum
419 1037 616 1081 morbum
658 1036 811 1080 incidit
846 1051 986 1096 neque
1025 1036 1208 1082 concilio
1251 1035 1473 1090 interesses,

188 1149 378 1201 tempore
429 1138 677 1199 praestituto
700 1171 713 1192 ‚
774 1138 931 1197 potuit.
1013 1137 1302 1200 Captivorum.
1328 1147 1470 1183 tamen

187 1245 481 1290 illustrissimos
505 1243 683 1290 Achaeis
704 1241 903 1286 reddidit
921 1251 963 1287 et
992 1243 1082 1303 ipse
1110 1242 1471 1288 Lacedaemonem

185 1359 370 1389 reversus
400 1354 474 1390 est.

249 1449 311 1492 Re
338 1448 496 1501 dilata,
544 1449 837 1508 opportunitas
877 1448 1005 1492 Arato
1047 1448 1144 1492 data
1173 1463 1263 1492 esse
1301 1446 1465 1492 videtur

187 1551 386 1596 omnium.
400 1550 730 1611 exoptatissima,
767 1558 810 1593 et
848 1565 947 1593 cum
985 1548 1198 1609 Antigono
1233 1548 1288 1593 de
1325 1563 1468 1609 praes-

184 1653 303 1697 tandi
357 1652 505 1696 auxilii<
559 1652 871 1697 conditionibus
927 1652 1088 1712 agendi<
1133 1653 1336 1697 intentius
1366 1687 1379 1706 ,
1426 1629 1469 1697 et

187 1755 327 1799 omnia
368 1754 602 1810 moliendi,
646 1764 695 1800 ut
730 1771 753 1799 a
799 1754 1101 1821 Spartanorum
1139 1755 1331 1815 partibus
1373 1771 1468 1800 suo‹⁴

182 1871 277 1900 rum
318 1856 475 1900 animos
505 1856 730 1901 alienaret..
786 1858 841 1901 Et
882 1872 1011 1912 vero,
1060 1857 1132 1901 hic
1169 1860 1352 1903 maxime
1393 1859 1468 1903 de-

181 1960 326 2003 mirari
354 1960 434 2004 viri
464 1959 739 2004 calliditatem
763 1959 897 2013 licet,
923 1961 1007 2019 qua
1033 1960 1197 2003 utinam
1214 1994 1227 2014 ,
1262 1961 1467 2021 quemad-

182 2061 355 2107 modum
382 2062 559 2107 antehac
576 2096 589 2116 ,
637 2063 682 2107 in
710 2063 980 2107 commodum
1006 2064 1206 2109 Graeciae
1227 2073 1270 2108 et
1290 2064 1466 2110 liberta·-

182 2167 234 2210 tis
249 2199 262 2221 ,
287 2181 371 2210 non
392 2181 489 2210 vero
513 2166 557 2209 in
578 2166 909 2210 emolumentum
930 2166 1111 2226 patriam
1134 2167 1467 2227 opprimentium

181 2272 362 2331 turpiter
386 2286 483 2316 usus
510 2271 671 2317 fuisset.

230 2458 262 2489 1)
310 2452 356 2487 V.
389 2452 524 2488 Cleorfl'.
559 2466 590 2489 c.
624 2448 701 2489 XV.
760 2451 930 2489 Nonnulli
969 2452 1180 2498 interpretes
1219 2452 1296 2487 voci
1329 2451 1463 2499 μέτρια

179 2518 476 2566 praemittendam
515 2527 661 2555 censent
695 2520 907 2567 particulam
943 2524 1015 2565 μή,
1054 2520 1147 2566 quod
1173 2528 1266 2558 certe
1290 2519 1469 2556 handle-

179 2599 254 2623 vem
281 2583 599 2623 commutationem·
620 2587 808 2628 verborum
834 2588 1030 2626 sententiae
1057 2587 1174 2625 affert.
