1630 3217
793 317 851 359 65

165 463 427 517 ἐλπίζοντες,
443 462 499 508 ἂν
516 458 808 505 ἐπανέλθωσιν
824 461 868 502 ἐκ
884 460 957 513 τῆς
974 459 1167 515 egueniae
1178 490 1191 510 ,
1225 460 1455 513 νεμηθήσε-

158 570 259 610 σθαι
276 564 523 619 θαυμαςούς
538 562 598 619 τῷ
626 558 787 614 ”Αγιδι
801 563 1006 618 παρεῖχον
1021 562 1210 610 ἑαυτούς.
1242 559 1353 606 Hinc
1369 562 1453 605 mi-

157 668 373 713 litantium
390 666 516 712 ardor
532 672 659 726 atque
689 662 891 718 ambitio,
924 661 1026 707 hinc
1055 662 1196 707 subito
1211 695 1225 717 ‚
1259 662 1305 706 in
1329 664 1452 708 turba

157 773 234 817 ista
249 770 488 816 inordinata
498 803 512 824 ,
529 769 827 814 ordoeximius
842 768 1049 829 ducisque
1063 769 1297 813 reverentia
1307 802 1321 824 ,
1348 767 1451 814 hinc

156 874 257 919 miri
282 873 345 917 illi
370 873 557 936 denique
583 874 776 928 effectus,
806 889 911 934 quos
927 873 1055 917 unius
1066 873 1372 935 generosissimi
1380 875 1452 933 ju·

156 977 273 1023 venis
327 977 546 1039 ingenium
596 968 888 1039 procreaverat
922 987 1068 1040 -atque‘
1099 978 1342 1042 exemplum
1396 977 1449 1027 ¹).

156 1083 318 1128 Auctor
343 1098 468 1144 supra
496 1090 775 1138 memoratus,
802 1082 1033 1128 Pausaniae
1052 1116 1063 1136 ,
1097 1096 1229 1143 quem
1243 1083 1290 1126 in
1304 1081 1450 1127 mani-

156 1188 263 1235 festo
285 1188 441 1235 versari
470 1202 636 1241 errore,
664 1201 768 1231 cum
783 1178 934 1247 magna
949 1186 1040 1230 veri
1065 1185 1207 1247 specie
1222 1212 1240 1240 ‚-
1264 1195 1447 1232 conten·
1490 1224 1495 1227 ,

159 1293 223 1338 dit
249 1294 435 1350 Bayerus
453 1327 465 1346 ,
506 1292 634 1351 hujus
662 1290 792 1352 igitur
823 1289 1030 1335 diversam
1058 1289 1318 1351 amplectens
1346 1304 1450 1334 nar-

157 1396 388 1449 rationem,
434 1394 652 1440 Plutarchi
695 1375 887 1455 rQecisse
927 1393 1058 1439 fidem
1082 1395 1298 1440 immerito
1325 1394 1452 1440 vide-

159 1512 228 1548 tur
265 1504 323 1553 2).

216 1604 375 1652 δθᾶἰη
398 1606 481 1652 hoc
506 1592 636 1653 etiam
666 1620 807 1654 errare
834 1606 1148 1669 mihi'graviter
1177 1606 1294 1653 idem
1320 1594 1446 1653 vide—

155 1720 248 1767 tur,
271 1711 386 1773 quod
402 1702 687 1772 Antigoninn,
705 1726 755 1756 eo
771 1719 988 1773 tempore,
1017 1710 1452 1756 Lacedaemoniorum

152 1815 312 1860 socium
349 1816 591 1871 vocaverit,
625 1815 701 1876 qui
731 1787 922 1861 absoluta
963 1816 1008 1860 in
1042 1815 1331 1877 Peloponneso
1361 1831 1448 1878 po-

155 1924 302 1961 testate
328 1916 486 1960 valeret
523 1916 562 1963 ³)
579 1951 591 1971 ,
626 1933 735 1977 quae
766 1919 801 1961 si
833 1919 1059 1974 admittas,
1100 1920 1155 1964 de
1181 1920 1451 1966 Achaeorum

156 2028 269 2065 certe
295 2019 619 2081 possessionibus
646 2033 880 2081 eorumque
915 2020 969 2065 ad
1005 2021 1227 2066 Graeciam
1262 2022 1450 2068 liberan-

154 2121 253 2166 dam
294 2122 495 2167 institutis
538 2122 763 2168 conatibus
806 2138 904 2169 mox
946 2124 1257 2171 conclamatum
1285 2127 1448 2175 fuisset.

155 2223 240 2270 Sed
263 2225 316 2271 ad
343 2225 526 2289 reliquas
552 2227 674 2272 Arati
698 2242 763 2273 res
789 2235 921 2290 gestas
950 2229 1214 2291 pergendum
1244 2240 1321 2279 est.

208 2415 241 2449 ¹)
290 2413 346 2450 Cf.
373 2427 410 2451 υ.
435 2416 564 2461 Agidis
586 2413 636 2452 V.
660 2423 698 2456 et
721 2415 817 2452 XIV.

202 2488 235 2523 2)
284 2482 341 2520 Cf.
366 2485 507 2523 Heeren
534 2487 601 2535 Op.
626 2485 654 2523 l.
679 2499 714 2534 p.
741 2485 803 2523 77.
826 2485 865 2521 in
889 2485 997 2522 Nota.
1024 2485 1134 2521 Fasti
1157 2486 1249 2522 Aah.
1276 2486 1329 2522 ill.
1357 2487 1450 2533 Cap.

156 2553 219 2587 II.
257 2552 352 2587 Sect.
391 2554 449 2588 10.
487 2554 545 2591 Cf.
579 2556 744 2602 inprimis
769 2556 897 2592 Mauso
914 2580 925 2598 ,
954 2557 1121 2602 Sparta,
1149 2559 1187 2591 in
1210 2559 1451 2604 supplemento

155 2622 268 2661 XIV.
293 2623 342 2659 ad
369 2623 453 2660 Vol.
478 2624 572 2661 ΙΙΙ.

208 2692 241 2730 5)
291 2694 363 2730 Son
388 2694 475 2731 allie'
498 2696 768 2742 tout-puissant
794 2697 886 2731 dans
911 2697 942 2730 le
966 2695 1215 2744 Pe'loponnbse.

1276 2766 1300 2807 5
