1630 3217
765 280 824 323 90

154 423 309 486 quibus
343 423 431 485 regi
476 421 714 485 Spartano,
765 422 820 467 ob
860 424 1069 487 singulare
1110 426 1198 487 ejus
1216 459 1229 479 ‚
1272 422 1436 486 de'quo

153 526 365 581 vidimus,
410 526 682 583 ins-titutum,
711 526 823 573 beno
848 526 961 572 nihii
985 538 1075 575 erat
1102 529 1312 591 optatius:
1334 510 1437 574 rac-

150 637 243 675 tum
269 628 421 674 exinde
446 630 613 675 videtur
630 663 643 685 ‚
689 640 737 677 ut
767 632 875 678 iuter
888 632 1004 679 duas
1032 632 1156 681 hasce
1181 634 1438 696 respublicas

144 735 236 804 jam
275 733 351 778 diu
394 713 599 795 concepta
636 734 863 781 inimicitia
906 736 952 781 in
990 744 1184 797 apertum
1226 752 1276 783 eo
1316 735 1439 782 citius

150 836 312 883 bellurn
339 846 596 899 erumperet.
643 837 914 893 Accedebat,
944 840 1059 901 quod
1090 839 1262 893 Aetoli,
1295 846 1437 885 aucto-

152 959 198 990 re
212 944 388 1005 Polybio
401 978 413 998 ,
442 943 648 988 stimulati
664 941 823 988 invidia
837 977 849 998 ,
866 958 946 1004 pro
967 944 1092 991 insita
1106 946 1266 1007 ingenii
1280 946 1439 1007 impro-

150 1051 285 1097 bitate
305 1060 431 1113 atque
458 1051 631 1095 avaritia
650 1085 661 1105 ‚
694 1065 854 1112 speque
881 1051 1064 1096 maxime
1087 1051 1207 1097 ducti
1223 1052 1439 1098 dividendi

151 1142 396 1216 conjunctas
425 1155 538 1200 inter
569 1171 612 1202 se
661 1155 844 1201 invicem
886 1155 1012 1205 urbes
1052 1154 1261 1202 Acha'icas
1278 1192 1291 1213 ,
1339 1170 1439 1202 cum

151 1267 325 1321 propter
352 1258 683 1305 recentissimam
698 1257 895 1304 beneficii
914 1260 1162 1304 memoriam
1188 1261 1241 1305 ab
1262 1259 1439 1306 Achaeis

152 1361 268 1407 hello
309 1361 577 1407 Demetriaco
612 1363 815 1424 accepti,
872 1363 1011 1424 palam
1051 1363 1226 1426 quidem
1278 1364 1438 1409 bellum

89 1501 93 1505 .
151 1467 233 1512 illis
274 1467 459 1520 inferre,
502 1467 666 1526 pudore
703 1465 887 1527 quodam
925 1465 1135 1520 cohibiti,
1179 1479 1264 1509 non
1308 1464 1437 1510 aude-

150 1574 275 1628 rent,
310 1571 583 1618 Cleomenem
613 1579 756 1616 tamen
785 1570 1036 1616 exacerbare
1073 1569 1250 1629 ejusque
1291 1566 1438 1612 odium

151 1692 303 1737 augere
355 1676 552 1721 omnibus
603 1675 765 1720 viribus
784 1709 796 1729 ,
851 1674 917 1718 vel
969 1673 1141 1733 proprio
1184 1671 1406 1733 dispendio
1425 1708 1436 1718 .

151 1780 390 1824 niterentur
428 1777 483 1826 ¹).
545 1779 787 1839 Utrumque
823 1786 936 1823 certe
975 1777 1132 1822 ducem
1176 1777 1227 1822 ad
1253 1792 1437 1838 pugnam

150 1884 263 1930 ultro
308 1884 546 1929 accinctum
585 1882 776 1927 videmus
797 1914 813 1939 ,
866 1880 948 1925 hoc
983 1888 1126 1924 tamen
1163 1879 1405 1925 discrimine
1422 1914 1433 1933 ‚

149 1999 195 2035 ut
234 1989 339 2035 alter
362 1988 545 2051 juvenili
573 1988 813 2035 temeritate
839 1997 882 2034 et
917 1986 1028 2033 nihil
1063 2003 1148 2035 non
1177 1986 1331 2033 audere
1359 2003 1435 2048 pa-

148 2101 289 2149 ratus,
334 2092 538 2138 maturior
575 2092 680 2138 alter
724 2101 766 2139 et
807 2092 928 2138 senili
980 2093 1110 2155 magis
1151 2092 1346 2137 cautione
1377 2091 1436 2134 >in

150 2205 318 2241 arenam
345 2197 633 2243 descenderet.
698 2197 768 2242 Illi
793 2196 978 2257 paranda
1002 2196 1133 2257 gloria
1148 2228 1161 2248 ,
1202 2194 1304 2239 huic
1325 2194 1435 2253 jam-

147 2301 312 2347 dudum
339 2308 458 2362 parta
493 2299 744 2345 vindicanda
764 2307 868 2345 erat.

207 2403 267 2452 Ut
297 2404 426 2465 igitur
453 2411 624 2466 pateat,
670 2409 762 2448 uter
798 2401 901 2448 beili
929 2402 1063 2448 facem
1092 2401 1208 2464 prius
1234 2401 1435 2449 accende-

197 2630 227 2663 ¹)
276 2626 325 2663 11.
352 2628 410 2663 46.
