1630 3217
810 268 866 310 14

240 409 306 455 Ad
329 410 569 455 Praetorem
583 410 646 455 rei
663 411 861 455 militaris
878 411 1143 472 potissimum
1158 410 1465 458 administratio

185 513 458 572 pertinebat,
504 516 693 575 quamvis
733 515 839 560 aliae
872 516 1008 561 etiam
1034 518 1139 577 -ejus
1180 518 1223 560 in
1248 517 1468 578 republica

179 624 320 677 partes
344 617 518 664 fuerint.
583 619 686 666 Erat
711 621 827 666 enim
853 624 981 668 totius
1006 624 1215 669 societatis
1241 624 1435 685 princeps
1451 660 1462 678 ,

179 720 249 764 sed
274 729 456 781 potestas
480 724 570 783 ejus
597 723 759 785 legibus
791 725 989 772 adstricta
1013 744 1024 782 3
1062 728 1107 771 in
1131 728 1243 773 bello
1277 728 1468 776 liberior.

178 826 432 873 Rationibus
460 829 758 875 moderaminis
795 832 857 876 sui
893 833 1120 879 reddendis
1149 835 1352 882 obnoxius
1379 851 1468 881 esse

177 934 365 987 solebat,
425 933 606 978 subinde
655 942 794 977 tamen
848 947 939 981 erat
992 941 1288 990 ἀνυπεύθυνος
1328 940 1380 983 οἷ
1412 938 1464 982 V.

176 1039 297 1083 Arati
320 1054 358 1084 c.
393 1040 464 1083 40.
501 1027 747 1097 Eligebatur
775 1041 978 1095 ςρατηγὸς
1008 1040 1288 1099 αὐτοκράτωρ.
1323 1057 1362 1087 e.
1393 1044 1465 1086 41.

175 1142 414 1203 Imperium
428 1143 516 1202 ejus
531 1151 621 1186 erat
645 1157 833 1186 annuum
850 1176 862 1196 ‚
886 1141 957 1186 sed
977 1141 1133 1197 eidem,
1160 1144 1194 1187 si
1206 1145 1363 1189 virtute
1374 1146 1470 1208 pol-

174 1247 282 1292 leret
299 1282 310 1302 ,
342 1263 417 1309 per
444 1246 662 1292 intervalla
687 1246 851 1307 saepius
879 1245 1095 1290 redditum
1127 1248 1180 1301 ¹).
1231 1274 1236 1278 ·

238 1352 305 1396 Ad
346 1355 580 1397 commun&
611 1353 762 1413 populi
822 1353 1051 1398 concilium
1105 1356 1465 1415 congregabantur

172 1457 336 1502 delecti⁴
365 1458 555 1501 omnium
590 1457 809 1502 civitatum
827 1492 838 1510 ‚
870 1472 977 1517 quae
1005 1456 1214 1501 societatis
1242 1457 1469 1517 participes

172 1572 304 1609 erant.
372 1561 692 1608 Conveniebant
738 1568 882 1604 autem
924 1558 1089 1621 quoties
1130 1574 1196 1603 res
1236 1559 1464 1620 poscebat,

172 1676 351 1713 vocante
389 1650 589 1710 Praetore
614 1672 688 1709 aut
715 1665 961 1725 magistratu
986 1664 1097 1710 alio:
1127 1665 1199 1708 vbis
1221 1679 1325 1709 vero
1353 1666 1467 1709 statis

172 1772 323 1816 diebus
354 1770 546 1832 quolibet
575 1770 684 1814 anno
704 1804 714 1823 ‚
751 1785 858 1831 quae
883 1770 1064 1829 concilia
1094 1769 1280 1830 legitima
1312 1770 1464 1814 audie-

172 1877 289 1920 bant.
333 1874 781 1934 'Postquam-Helice,
805 1874 903 1918 urbs
923 1874 1126 1932 primaria
1149 1873 1251 1917 olim
1274 1875 1434 1919 Jonum
1450 1908 1463 1927 ,

170 1978 269 2022 dein
323 1972 620 2030 Achaeorumss
670 1985 808 2021 terrae
848 1978 969 2022 motu
1017 1977 1230 2037 marisque
1271 1977 1466 2021 eluvione

171 2081 362 2125 absumta
388 2082 557 2133 fuerat,
603 2072 719 2124 locus
741 2080 1047 2124 conveniendi.
1065 2080 1243 2125 usitatus
1269 2086 1358 2124 erat
1383 2079 1465 2123 Ae-

172 2182 264 2243 gii,
297 2198 404 2242 quae
430 2183 575 2227 civitas
602 2183 713 2226 inter
743 2182 948 2227 Acha‘ieas
971 2191 1131 2227 veteres
1161 2182 1312 2242 opibus
1329 2215 1341 2236 ‚
1388 2197 1467 2252 po-

172 2286 266 2346 puli
294 2286 534 2346 frequentia
553 2320 565 2339 ,
613 2285 834 2345 splendore
862 2286 1091 2331 eminebat.
1158 2285 1310 2330 Strabo
1337 2286 1462 2330 etiam

225 2487 258 2520 ι)
308 2474 366 2511 Sic
414 2473 455 2509 de
483 2474 592 2509 Arato
617 2470 831 2507 Plutarchus
870 2482 903 2505 e.
939 2471 999 2505 24.
1037 2470 1128 2504 οὕτω
1165 2467 1203 2503 δ’
1237 2469 1390 2514 ἴσχυσεν
1424 2470 1461 2501 ἓν

168 2551 247 2584 τοῖς
270 2542 462 2589 ’Λχαιοῖς,
489 2542 577 2583 ὥςε,
603 2542 686 2577 ἐπεὶ
712 2544 763 2586 μὴ
789 2537 872 2575 κατ’
900 2540 1066 2573 ἐνιαυτὸν
1091 2538 1194 2581 ἐξῆν,
1220 2535 1308 2583 παρ’
1337 2539 1461 2570 ἐνιαυ-

170 2614 232 2646 τὸν
260 2612 458 2659 αἱρεῖσθαι
483 2610 678 2656 ςρατηγόν.
