1630 3217
763 317 844 361 10¹.

161 481 288 526 quam
315 464 404 524 regi
435 461 644 528 Spartano
672 475 818 522 parere
858 458 1033 506 mavult.
1096 459 1182 505 Sed
1220 459 1273 503 ad
1311 458 1444 521 ipsam

160 568 445 613 narrationem
468 564 736 611 redeundum
764 574 842 612 est.

220 671 465 714 Persuasum
496 668 621 713 fuisse
663 667 882 713 Cleomeni
898 702 911 722 ,
958 669 991 713 si
1023 668 1198 730 plenum
1240 669 1320 712 sibi
1362 669 1445 712 ali-

162 772 331 834 quando
360 786 503 817 rerum
528 773 720 817 omnium
750 772 989 834 contigisset
1028 773 1250 819 arbitrium
1266 806 1279 826 ‚
1311 772 1450 817 hostes

161 892 205 921 se
235 876 360 921 'facile
387 877 660 922 subacturum
696 877 940 938 bellumque
979 877 1301 939 profligaturum
1335 892 1419 921 esse
1438 910 1449 930 ,

161 993 286 1039 supra
331 980 595 1027 observatum
648 992 724 1029 est.
804 983 940 1045 Igitur
956 1018 967 1037 ‚
1012 999 1143 1045 quum
1162 1019 1173 1039 ,
1233 983 1452 1029 trucidatis

162 1082 365 1145 Ephoris,
390 1101 547 1131 novum
565 1120 577 1140 ‚
603 1102 731 1148 quem
751 1087 957 1141 vidimuS,
991 1102 1131 1131 rerum
1153 1096 1305 1132 statum
1325 1088 1453 1149 Spar-

164 1200 232 1235 tae
263 1191 585 1246 introduxisset,
632 1192 685 1235 ad
725 1207 937 1236 summum
967 1191 1169 1235 audaciae
1199 1197 1420 1251 provectus
1439 1223 1451 1242 ,

170 1308 321 1337 novam
351 1308 469 1337 suam
499 1295 792 1338 auctoritatem
819 1311 869 1338 eo
901 1295 1083 1338 maxime
1113 1293 1337 1345 adhibuit,
1380 1299 1455 1344 ut,

168 1395 275 1439 vires
307 1396 577 1442 Achaeorum
600 1398 832 1458 frangendo
850 1431 863 1452 ,
911 1400 1201 1445 corroboraret
1239 1413 1345 1443 suas.
1408 1398 1457 1441 In

168 1515 253 1560 quo
282 1500 458 1544 consilio
486 1501 748 1560 exsequendo
777 1499 887 1546 hanc
915 1502 1027 1546 viam
1051 1508 1216 1545 secutus
1243 1508 1320 1545 est.
1384 1499 1458 1542 In-

168 1602 366 1662 telligens
383 1636 396 1657 ‚
440 1601 631 1650 Achaeos
664 1610 791 1664 atque
834 1604 1010 1648 Aratum
1055 1602 1114 1648 ita
1155 1603 1309 1648 sentire
1327 1637 1339 1657 ,
1381 1617 1423 1646 se
1442 1637 1454 1656 ,

174 1712 351 1766 propter
390 1704 656 1765 repentinam
686 1703 804 1749 illam
830 1706 1204 1767 commutationem
1221 1740 1233 1760 ‚
1269 1722 1318 1752 ex
1341 1715 1458 1751 tanto

168 1816 288 1852 motu
330 1823 572 1869 suspensam
612 1811 759 1854 urbem
799 1818 842 1854 et
864 1812 1141 1857 fluctuantem
1186 1813 1365 1857 minime
1391 1826 1458 1856 re-

167 1912 368 1955 licturum
405 1926 517 1964 esse,
565 1912 771 1957 exercitiis
811 1913 876 1957 sui
919 1914 1176 1958 alacritatem
1194 1949 1207 1967 ,
1255 1916 1457 1974 quoniam

170 2028 213 2063 et
243 2017 509 2080 praeclarum
535 2017 617 2078 ipsi
647 2027 690 2062 et
718 2018 823 2062 utile
843 2019 1068 2065 videbatur
1086 2055 1099 2074 ,
1132 2017 1339 2066 ostentare
1360 2021 1460 2064 hos-

173 2125 287 2171 tibus
313 2127 472 2173 statuit.
540 2124 761 2171 Invasione
787 2126 915 2187 igitur
938 2124 983 2170 in
1004 2126 1457 2185 Megalopolitanorum

170 2237 384 2298 regionem
411 2235 524 2284 facta
543 2272 554 2291 ,
596 2251 644 2281 ex
673 2235 780 2296 agris
818 2235 1036 2281 devastatis
1064 2235 1250 2282 multum
1280 2236 1460 2298 praedae

171 2344 332 2391 retulit.
397 2343 613 2397 Tandem,
659 2356 793 2403 quum
823 2339 1046 2386 histriones
1076 2341 1279 2402 quosdam
1312 2357 1361 2387 ex
1388 2342 1459 2386 iti-

169 2458 269 2491 nere
298 2445 620 2507 intercepisset,
653 2445 818 2490 theatro
850 2445 894 2489 in
916 2455 1027 2490 terra
1056 2447 1199 2490 hostili
1226 2456 1456 2502 exstructo,

176 2556 314 2591 totum
344 2548 459 2593 diem
488 2550 598 2615 ludis
637 2551 812 2595 scenicis
855 2566 953 2595 cum
994 2551 1079 2594 otio
1119 2551 1354 2611 spectandis
1397 2552 1460 2593 in-

180 2652 307 2699 dulsit
327 2687 338 2708 ,
373 2668 456 2698 non
473 2687 484 2708 ,
518 2653 576 2698 ait
607 2653 856 2701 Plutarchus
876 2689 887 2708 ,
929 2658 1047 2716 quasi
1074 2656 1308 2702 istiusmodi
1338 2669 1463 2716 spec-
