1630 3217
742 293 825 336 145

153 436 273 480 nobis
314 434 523 480 occultam
542 466 553 486 ,
600 433 765 476 subesse
794 432 1002 475 existimes
1019 462 1032 483 ,
1079 432 1161 489 qua
1188 428 1241 471 ad
1270 427 1395 486 hujus
1412 457 1425 478 ,

154 554 251 599 prae
293 538 463 583 caeteris
482 571 494 591 ,
541 535 628 579 loci
664 534 924 577 mentionem
954 529 1191 573 faciendam
1228 527 1428 588 impulsus

154 640 295 684 fuerit.
328 665 389 673 —
419 639 509 695 Qua
536 644 678 679 autem
700 633 744 675 in
771 647 817 676 re
842 633 975 677 multo
1003 632 1191 693 iniquius
1222 632 1274 676 de
1296 633 1425 677 Arato

147 741 354 801 Judicasse
383 736 655 785 Plutarchum
687 736 837 797 opinor
854 770 865 789 ‚
911 736 1016 781 haec
1041 743 1129 781 est:
1166 735 1279 796 quod
1304 736 1427 781 illum

154 843 373 904 subjecisse
399 857 440 886 se
468 840 753 902 Achaiamque
778 839 936 884 invisae
978 854 1126 900 regum
1151 840 1429 886 Macedonum

156 962 366 1006 purpurae
395 955 436 991 et
461 946 686 991 diademati
718 954 1059 1006 satraparumque
1087 944 1236 1013 edictis
1247 943 1359 988 hanc
1375 943 1430 987 ob

155 1062 320 1092 causam
348 1048 431 1093 ait:
482 1081 513 1101 ‚,
547 1047 660 1108 quod
687 1047 920 1107 simplicem
941 1047 1242 1107 Spartanorum
1268 1047 1431 1091 cultum

155 1154 396 1223 victumque
420 1148 623 1213 frugalem
651 1154 887 1212 refugeret,
921 1154 1032 1214 quod
1059 1154 1286 1197 nimiarum
1309 1154 1430 1197 istam

155 1256 394 1300 divitiarum
424 1256 671 1317 divisionem
696 1270 1013 1316 pauperumque
1039 1257 1310 1301 -sublevatam
1338 1256 1431 1299 ino-

159 1357 275 1418 piam
331 1357 598 1401 vehementer
644 1346 931 1417 repudiaret.’'
1018 1361 1144 1403 Arato
1191 1367 1304 1403 certe
1336 1391 1350 1412 ,
1402 1359 1436 1401 si

162 1460 237 1502 ulli
269 1474 455 1519 unquam
513 1460 602 1502 viro
620 1492 632 1510 ,
678 1460 840 1502 animus
880 1459 1122 1504 divitiarum
1164 1460 1434 1520 luxuriaeque

163 1572 398 1609 contemtor
444 1563 660 1623 victorque
714 1562 866 1623 obtigit
896 1597 907 1616 ,
955 1563 1069 1623 quod
1108 1561 1221 1608 haud
1260 1578 1392 1608 unum
1420 1597 1431 1618 ,

159 1667 204 1711 in
259 1668 346 1727 ejus
391 1666 475 1710 vita
505 1700 516 1720 ‚
562 1665 799 1725 exemplum
849 1665 1019 1713 evincit.
1106 1666 1217 1723 Quid
1239 1667 1261 1710 ’ἶ
1307 1666 1439 1729 vitam

160 1774 248 1833 ejus
274 1772 509 1831 simplicem
536 1771 590 1814 ab
617 1771 815 1830 omnique
848 1770 957 1815 fastu
1000 1769 1203 1823 alienam,
1242 1769 1439 1830 expressis

162 1871 296 1916 verbis
335 1871 449 1914 idem
492 1870 737 1914 Plutarchus
763 1871 945 1915 celebrat
982 1872 1035 1918 ¹).
1099 1873 1319 1916 Rationem
1343 1874 1438 1934 qui-

160 1976 257 2020 dem
284 1973 572 2020 violentiorem
590 2009 602 2029 ,
636 1977 718 2036 qua
742 1990 871 2021 novus
893 1974 965 2020 ille
993 1990 1134 2021 rerum
1165 1975 1266 2020 ordo
1282 1976 1432 2021 induc-

163 2090 230 2126 tus
250 2080 489 2142 nuperrime
519 2080 694 2140 Spartae
711 2082 846 2125 fuerat
864 2115 876 2135 ,
910 2096 1061 2142 parum
1084 2081 1230 2141 utique
1255 2081 1437 2126 arrisisse

166 2184 292 2229 Arato
310 2218 322 2238 ‚
371 2199 418 2228 ex
446 2183 571 2244 hujus
594 2183 672 2227 viri
701 2183 841 2227 indole
870 2183 993 2228 facile
1021 2184 1200 2238 efficias3
1235 2184 1306 2228 sed
1324 2217 1336 2238 ‚
1370 2186 1437 2229 fac

164 2287 295 2346 ipsam
339 2287 454 2331 illam
498 2285 714 2350 aequalem
737 2288 944 2331 bonorum
970 2288 1309 2334 distributionem
1332 2305 1439 2351 pro-

165 2391 306 2435 batam
336 2394 376 2435 ei
402 2393 577 2436 minime
605 2393 729 2437 fuisse
744 2426 757 2447 ,
789 2392 999 2454 talemque
1026 2393 1114 2452 ejus
1139 2392 1301 2444 menti,
1335 2407 1437 2452 qua-

218 2629 249 2660 i)
296 2623 342 2660 V.
366 2624 426 2660 Ar.
453 2636 485 2661 c.
510 2624 635 2661 XXVI.

1241 2713 1295 2757 10
