1630 3217
761 246 845 290 135

165 390 229 435 ἔτι
269 390 341 434 καὶ
373 390 605 454 ,διαφυγεῖν
632 393 714 442 τὴν
737 388 1003 449 Μακεδόνων
1029 378 1154 446 ὕβρὶν
1182 387 1265 430 καὶ.
1294 385 1444 431 πλεον-

164 492 280 544 εξίαν
306 490 556 548 δυναμένης.
1047 511 1065 531 ‹⁴

222 592 371 652 Neque
401 590 580 636 eximiis}
607 588 810 648 Antigoni
848 585 1075 633 virtutibus
1114 586 1312 635 invidiam
1340 590 1443 635 facti

162 695 287 741 leniri
329 703 450 756 puto.
517 691 769 739 Celebratur
805 692 977 738 omnino
1014 690 1142 752 hujus
1182 689 1262 735 viri
1293 692 1446 753 probi-

163 805 226 841 tas
243 831 257 851 ,
281 795 486 844 industria
503 829 515 850 ,
549 795 683 851 fides;
718 795 799 840 alia
813 810 956 855 ,urege
985 794 1110 856 digna
1126 826 1140 849 ,
1170 793 1223 839 de
1251 810 1300 839 eo
1330 811 1446 840 com-

162 905 475 949 memorantur:
526 898 656 943 immo
680 897 953 959 magnificum
982 898 1028 942 in
1057 898 1170 943 illius
1194 897 1444 943 memoriam

164 1009 450 1047 consecratum
480 1018 503 1046 a
531 1002 707 1061 Polybio
735 1001 999 1064 epitaphium
1025 1017 1169 1047 cernas
1186 1036 1199 1057 ,
1232 1011 1447 1062 tamquam

162 1105 273 1159 viri,
320 1105 397 1165 qm·
441 1118 528 1148 non
566 1104 702 1149 solum
741 1113 914 1164 propter
944 1118 1092 1149 eorum
1110 1137 1124 1158 ‚
1171 1119 1280 1164 quae
1306 1104 1447 1165 palam

162 1215 438 1266 gererentur,
484 1220 603 1250 usum
622 1239 636 1260 ‚
678 1204 751 1250 sed
789 1204 921 1265 magis
960 1206 1119 1260 etiam,
1165 1214 1338 1267 propter
1376 1214 1449 1249 to-

165 1310 247 1354 tius
279 1310 388 1354 vitae
420 1310 663 1354 institutum
691 1307 1027 1369 pulcherrimum
1045 1343 1057 1364 ,
1094 1310 1291 1353 omnibus
1321 1309 1450 1354 Grae-

164 1412 222 1457 cis
250 1426 387 1472 *spem
429 1411 497 1458 sui
533 1412 793 1473 praeclaram
837 1413 1105 1469 ostenderet,
1154 1413 1287 1466 καλὰς
1329 1414 1448 1460 ἐλπί-

163 1513 241 1564 δας
287 1513 510 1566 ὑποδείξας
558 1515 606 1560 ἐν
652 1514 766 1573 αὐτῷ
810 1517 913 1559 πᾶσι
958 1519 1051 1566 τοῖς·
1094 1513 1303 1573 εἝλλησιν
1323 1549 1338 1571 ,
1399 1516 1448 1561 οὗ

159 1618 291 1672 μόνον
347 1618 459 1660 κατὰ
508 1619 588 1673 τὴν
640 1619 686 1663 ἐν
729 1621 817 1668 τοῖς
859 1618 1095 1676 ὑπαίθροις.
1145 1618 1288 1676 χρείαν
1312 1650 1327 1672 ,
1386 1618 1451 1662 ἔτι

165 1717 211 1760 δὲ
258 1716 423 1773 μᾶλλον
480 1721 590 1762 κατὰ
639 1722 718 1774 τὴν
763 1720 869 1777 ὅλην
919 1723 1083 1778 αἵρεσιν
1133 1723 1206 1768 καὶ
1262 1721 1450 1766 καλοκα-

165 1818 330 1871 γαθίαν
382 1821 436 1873 ¹).
512 1821 645 1880 Atqui
690 1823 865 1868 Macedo
910 1831 1013 1871 crat.
1091 1824 1186 1869 Hoc
1236 1840 1369 1869 unum
1412 1825 1447 1869 si

164 1918 257 1978 quis
293 1919 375 1963 rite
414 1921 632 1966 attendere
669 1924 876 1979 voluerit,
920 1924 1046 1971 nullis
1093 1925 1273 1988 amplius
1307 1929 1445 1975 verbis

163 2033 254 2064 rem
302 2020 492 2080 indigere
539 2022 620 2066 sibi
662 2022 946 2083 persuadebit.
1011 2024 1146 2081 Quam
1164 2038 1338 2084 ‘parum
1370 2040 1445 2068 au-

1160 2088 1170 2108 i.

164 2132 251 2168 tem
281 2123 368 2184 ipse
398 2124 662 2189 Antigonus,
710 2126 756 2169 in
785 2126 962 2172 Graecia
996 2126 1252 2188 subigenda,
1299 2143 1323 2171 a
1347 2143 1447 2172 ma-

160 2230 306 2287 jorum
328 2230 409 2275 sibi
433 2231 501 2274 via
528 2230 838 2277 deflectendum
868 2231 1077 2283 censuerit
1093 2265 1106 2287 ‚
1150 2245 1330 2292 ecquem
1357 2238 1448 2276 acta

167 2332 257 2390 qius
309 2341 575 2394 reputantem
591 2370 604 2390 ,
650 2336 794 2398 fugere
838 2336 999 2398 queat?
1073 2333 1266 2386 Primum
1306 2333 1420 2377 enim
1434 2366 1455 2386 ‚.

170 2432 250 2474 nisi
288 2433 593 2481 Acrocorintho
644 2439 796 2484 tradita
815 2473 827 2492 ,
877 2454 1003 2499 opem
1047 2455 1088 2483 se
1139 2436 1455 2499 Peloponnesiis-

221 2573 253 2607 ί)
300 2572 351 2609 11.
376 2573 434 2610 ⁷0.
