1630 3217
786 315 843 357 25

180 461 310 507 lentio
347 455 576 520 premenda
606 454 824 518 singularis
869 455 941 499 illa
983 453 1148 500 solertia
1182 472 1264 516 qua
1298 471 1395 500 cum
1419 459 1460 501 in

180 573 269 609 toto
309 562 390 608 hoc
433 560 602 622 negotio
626 558 954 605 administrando
976 567 1066 604 tum
1089 558 1266 603 maxime
1297 560 1340 603 in
1365 558 1462 606 elu-

178 665 325 716 dendis
362 664 548 711 Nicoclis
584 663 746 709 insidiis
788 663 940 709 Aratus
995 679 1090 709 usus
1146 664 1245 711 fuit.
1323 665 1458 736 Quum

180 769 293 814 enim
309 802 323 824 ‚
355 768 567 831 plerisque
588 766 814 829 Sicyonem
830 782 977 837 >versus
1005 766 1162 812 emissis
1176 801 1188 821 ,
1219 767 1464 828 suspicionis

177 874 370 919 vitandae
390 874 521 935 gratia
549 873 669 933 Argis
692 872 830 917 adhuc
854 881 1088 917 remaneret
1117 880 1159 916 et
1185 871 1353 932 tyranni
1368 887 1461 931 spe-

177 976 383 1021 culatores
413 976 465 1020 ad
492 992 534 1021 se
564 976 865 1022 observandum
894 976 1004 1021 clam
1034 976 1260 1022 circumire
1284 975 1458 1036 accipe-

175 1087 267 1133 ret,
312 1079 637 1142 haudquaquam
667 1081 913 1140 perterritus
932 1114 943 1133 ,
977 1080 1233 1140 vulpemquc
1259 1079 1357 1123 dolo
1385 1096 1458 1125 ca·-

175 1182 374 1243 piendam
413 1197 615 1235 censens,
659 1189 748 1226 orta
779 1180 876 1225 luce
903 1181 948 1224 in
975 1180 1197 1243 publicum
1226 1197 1460 1244 progressus

177 1302 275 1332 cum
311 1286 458 1331 amicis
496 1286 541 1330 in
588 1286 680 1331 foro
706 1287 985 1331 ccmmoratus
1008 1295 1068 1332 est
1084 1303 1096 1341 ;
1131 1294 1280 1333 unctus
1309 1287 1461 1332 deinde

179 1389 225 1434 in
261 1389 476 1452 gymnasio
498 1405 522 1434 e
549 1389 753 1451 palaestra
777 1390 952 1436 domum
986 1391 1160 1436 abduxit
1183 1393 1463 1438 adolescentes

180 1494 383 1555 quosdam
408 1508 550 1539 secum
577 1494 725 1539 bibere
752 1504 795 1540 et
823 1496 947 1557 genio
970 1496 1188 1557 indulgere
1212 1498 1368 1545 solitoS.

237 1597 383 1641 Paullo
412 1606 506 1659 post
531 1598 576 1641 in
599 1597 691 1642 foro
719 1598 978 1659 apparebant
1012 1600 1161 1644 famuli
1197 1603 1310 1661 ejus,
1354 1601 1459 1647 alius

175 1715 347 1744 coronas
373 1701 509 1745 ferens
526 1734 538 1755 ,
560 1701 676 1745 alius
701 1702 812 1745 faces
838 1717 979 1746 emens
997 1737 1010 1757 ,
1043 1705 1147 1747 alius
1176 1720 1273 1749 cum
1284 1708 1458 1751 mulier-

178 1802 304 1856 culis,
331 1819 441 1862 quae
461 1802 638 1864 psallere
667 1812 710 1849 et
722 1803 861 1850 fistula
876 1821 1025 1851 canere
1041 1807 1084 1852 in
1101 1809 1294 1855 convivio
1309 1812 1459 1867 solent,

176 2050 277 2086 illius
300 2058 439 2098 partem
464 2051 648 2089 vindicare
670 2054 741 2090 sibi
763 2068 861 2103 posse
885 2058 1025 2094 videtur
1050 2062 1202 2108 quamin
1217 2062 1460 2112 Thucydidem

175 2121 251 2168 ipse
289 2127 325 2157 ct
359 2120 627 2168 Xenophontem
665 2122 769 2171 pleno
803 2126 956 2163 contulit
978 2140 1053 2165 ore.
1078 2131 1130 2164 In
1154 2143 1190 2167 v.
1213 2133 1341 2169 Niciae
1365 2148 1396 2171 c.
1421 2138 1460 2173 I.

178 2189 255 2236 ὥρα
272 2194 546 2238 παραιτεῖσθαι
565 2193 630 2227 καὶ
648 2196 884 2241 παρακαλεῖν
905 2196 998 2245 ὑπὲρ
1019 2201 1107 2242 ἐμοῦ
1119 2202 1205 2242 τοὺς
1216 2204 1462 2250 ἐντυγχάνον-

178 2272 248 2299 τας
271 2265 350 2300 τοῖς
372 2262 629 2309 συγγράμμασι
655 2262 821 2307 τούτοις,
847 2265 940 2306 ὅπως
957 2268 1020 2301 ἐπὶ
1041 2274 1125 2308 ταῖς
1145 2271 1379 2317 διηγήσεσιν,
1404 2270 1463 2314 αἷς

177 2327 437 2375 Θουκυδίδης,
456 2329 567 2370 αὐτὸς
586 2330 706 2366 αὑτοῦ
729 2333 821 2379 περὶ
841 2335 968 2368 ταῦτα
988 2337 1328 2382 παθητικώτατος,
1352 2343 1461 2390 ἔναρ-

174 2395 345 2439 νέςατος,
368 2397 635 2440 ποικιλώτατος
654 2400 1290 2454 γενόμενος,ἀμμιήτωςὲξενὴνοχεν
1319 2407 1388 2457 rlq.
1413 2411 1464 2446 In

176 2473 213 2497 v.
244 2463 471 2501 Artaxerxis
493 2480 523 2503 c.
549 2468 585 2503 8.
609 2471 678 2514 τὴν
697 2469 741 2504 δὲ
759 2472 884 2517 μάχην
903 2473 1048 2518 ἐκείνην
1076 2474 1307 2518 Ξενοφῶντος
1329 2495 1460 2522 μονον-

177 2530 263 2576 ουχὶ
295 2532 533 2576 δεικνύοντος
560 2537 644 2578 ὄψει
662 2539 728 2572 καὶ
748 2544 826 2578 τοῖς
836 2542 1047 2587 πράγμασιν
1058 2568 1069 2584 ,
1095 2543 1139 2584 ὧς
1151 2545 1194 2580 οὐ
1206 2553 1461 2594 γεγενημένοις

176 2598 269 2633 ἀλλα
290 2602 512 2644 γινομένοις,
538 2605 722 2646 ἐφιςάντος
744 2607 804 2642 ἀεὶ
823 2609 888 2642 τὸν
906 2610 1090 2657 ἀκροατὴν
1108 2614 1146 2648 ἓν
1163 2616 1282 2652 πάθει
1301 2620 1361 2651 καί
1371 2629 1461 2663 συγ-

180 2668 445 2703 κινδυνεύοντα
465 2670 529 2704 διὰ
547 2673 614 2715 τὴν
635 2673 826 2719 ἐνάργειαν
852 2683 918 2713 etc.
