1630 3217
737 293 794 338 87*

137 440 294 484 multus
325 439 564 485 arriserunt.
628 438 886 482 Primarium
927 446 1065 482 tamen
1108 435 1324 482 Cleomeni
1349 438 1425 481 ob·-

129 545 292 602 jectum
325 543 588 589 obstaculum
619 541 780 603 Ephori
808 552 929 588 erant
946 579 958 599 ‚
1007 546 1105 605 qui,
1152 558 1248 590 cum
1278 550 1425 588 aucto-

132 643 269 690 ritatis
290 645 416 701 suae,
448 645 580 691 nullis
583 645 678 707 jam
693 644 884 691 terminis
906 645 1249 709 circumscriptae
1264 661 1424 702 ,ever-

134 750 325 804 sionem,
354 751 426 795 ⁴ab
479 748 825 816 ambitiosissimis
868 750 975 811 regis
1010 752 1236 797 conatibus
1272 751 1424 796 merito

135 853 337 900 timerent
358 889 371 909 ,
433 854 724 899 vehementem
747 853 860 914 ‘ejus
906 855 1115 917 impetum
1157 856 1425 917 bellandique

136 958 413 1020 cupiditatem
440 958 694 1019 'reprimere‘
725 960 843 1003 omni
881 975 963 1020 ope
1005 956 1280 1008 conabantur.
1360 959 1424 1005 Ad

134 1061 212 1106 hos
232 1062 359 1123 igitur
377 1063 632 1108 adversarios
657 1062 967 1109 molestissimos
983 1065 1240 1126 superandos
1255 1100 1266 1119 ,
1289 1066 1421 1110 varias

138 1166 388 1212 Cleomenes
415 1165 638 1211 vias'iniit.
679 1166 872 1210 Primum
898 1166 1032 1221 enim,
1073 1180 1204 1227 quum
1236 1168 1296 1212 ita
1318 1179 1424 1213 cen-

133 1282 273 1328 seret,
321 1272 451 1333 regno
492 1269 728 1332 integritati
756 1286 854 1315 suae
884 1272 1081 1316 restituto
1099 1305 1111 1326 ,
1159 1272 1427 1332 Ephororum

134 1377 370 1439 potentiam
398 1374 513 1420 ‘'fore
556 1375 832 1420 infirmiorem
888 1379 926 1436 ¹⁹)
947 1410 958 1429 ‚
1016 1378 1161 1421 statuit
1217 1377 1426 1421 Archida-

133 1484 251 1525 mu'm
269 1475 284 1534 ‚⁷
330 1476 506 1525 fratrem
554 1478 702 1540 Agidis
716 1514 729 1533 ,
773 1472 828 1523 ad
872 1491 1000 1538 quem
1025 1493 1076 1522 ex
1111 1477 1240 1523 alterii
1264 1478 1426 1524 familia

130 1599 306 1647 regnum
319 1583 561 1645 pertinebat
581 1617 593 1638 ‚
623 1581 813 1627 Messena
830 1615 842 1636 ,
867 1595 954 1642 quo
970 1581 1170 1643 effugerat
1189 1614 1202 1636 ,
1229 1581 1425 1643 Spartam

133 1703 323 1735 evocare.
389 1687 468 1732 Ille
506 1695 648 1730 tamen
669 1719 681 1739 ,
729 1686 774 1729 in
812 1686 994 1756 patriam
1034 1685 1165 1730 redux
1183 1719 1196 1740 ,
1234 1686 1320 1732 sive
1351 1685 1427 1730 ad-

134 1801 294 1838 nuente
346 1787 605 1844 Cleomene',
647 1789 732 1834 sive
769 1789 902 1834 invito
945 1792 989 1847 ³)
1006 1824 1020 1845 ,
1076 1789 1308 1835 trucidatus
1351 1798 1426 1836 est.

131 1896 255 1949 Mox,
284 1893 582 1945 efficacissimo
600 1892 715 1953 apud
736 1891 931 1937 homines
954 1892 1121 1937 venales
1148 1906 1244 1937 usus
1270 1893 1425 1937 instru-

128 2006 272 2041 mento
292 2030 304 2050 ,
337 1996 579 2056 corrumpit·
593 1991 788 2056 Ephoros
809 1992 992 2057 pecunia
1007 2031 1019 2051 ‚
1041 2006 1091 2043 ut
1110 1996 1421 2057 expeditionem

129 2100 210 2146 sibi
238 2099 468 2146 militarem
496 2099 786 2156 decernerent.
813 2097 818 2103 ’
855 2098 1025 2145 Educit‘
1039 2096 1186 2160 copias
1214 2095 1424 2144 Achaeos-

131 2218 213 2262 que
242 2204 395 2247 iterum
415 2237 428 2256 ,
460 2201 890 2262 apudzltiegalop‘olin
908 2235 919 2255 ‚
953 2201 1109 2249 vincit.
1163 2201 1282 2247 *Hinc
1302 2200 1425 2246 altio-

131 2319 196 2349 res
213 2305 304 2364 jam
333 2317 500 2347 sumens
516 2302 1185 2364 spiritusssirfiqauepersuadens
1199 2304 1318 2360 fore,
1351 2314 1422 2360 ut,

177 2489 215 2523 ¹)
266 2490 326 2541 Cf.
351 2490 446 2536 inp.
443 2488 498 2531 V
522 2486 652 2532 Agidis
675 2499 707 2523 c.
730 2488 836 2525 XII.
1019 2521 1027 2526 .

176 2572 209 2604 ει)
257 2560 311 2595 De
351 2559 457 2596 caede
495 2556 704 2595 Archidami
739 2558 786 2594 cs.
825 2559 867 2597 7.
909 2560 1036 2597 Cleom.
1075 2574 1104 2602 c
1147 2562 1189 2597 V.
1216 2561 1347 2608 Polyb.
1379 2560 1419 2594 V.

127 2630 186 2673 37,
218 2628 344 2667 VIII.
355 2625 403 2664 ·.1
587 2630 591 2634 “
782 2640 785 2645 ⁴
1021 2634 1026 2645 ⁸
