1630 3217
787 308 844 349 28
979 311 1012 357 'x

166 444 396 491 Victoriam
436 448 622 507 portanti
658 446 821 493 adstans
849 465 872 492 a
898 449 1111 497 Melantho
1142 452 1280 511 pictus
1322 451 1443 513 erat;

162 551 230 594 oui
260 552 380 611 operi
424 552 591 612 Apelles
632 553 757 598 etiam
786 567 934 599 manus
962 556 1217 604 admoverat.
1291 559 1442 604 Aratus

146 655 290 716 igitur
321 656 474 701 dubins
505 656 681 704 haerens
706 658 761 703 ab
788 659 871 703 una
901 667 1027 720 parte
1054 660 1151 705 odio
1179 661 1410 721 tyrannidis
1429 696 1441 715 ,

158 762 212 805 ab
255 761 385 807 altera
422 764 521 807 artis
558 763 810 824 praestantia
844 764 1026 825 agitatur
1042 799 1060 819 ‚
1104 774 1151 810 ut
1208 766 1321 811 idem
1372 767 1442 811 ille

156 857 193 923 ᾦ
234 870 425 922 ἐνεφύετο
465 871 537 912 καὶ
580 870 802 925 συνηύξετο
844 870 893 912 τὸ
917 868 1098 927 σφοδρὸν
1135 870 1207 914 καὶ
1239 869 1442 927 διάπυρον

152 973 267 1025 μῖσος
309 970 378 1013 ἐπὶ
410 970 506 1020 τους
534 974 766 1027 τυράννους
781 1004 795 1025 ,
828 969 996 1015 tabulae
1023 970 1164 1031 pictae
1190 970 1436 1032 pulchritu-

153 1069 253 1115 dine
292 1079 510 1118 moveatur
558 1080 601 1118 et
635 1090 658 1118 a
701 1073 872 1119 delendi
915 1074 1132 1136 proposito
1168 1076 1284 1121 flecti
1322 1075 1440 1122 vide-

151 1183 259 1222 atur.
292 1177 391 1223 Mox
419 1193 518 1223 vero
537 1213 549 1233 ‚
581 1178 712 1222 veluti
736 1193 778 1222 se
790 1177 1036 1238 recolligens
1053 1210 1066 1232 ,
1083 1178 1345 1223 deleriillam
1356 1181 1447 1247 ju->

148 1279 235 1326 bet.
299 1280 439 1325 Amici
479 1280 652 1325 tandem
691 1282 865 1341 ejusque
889 1280 1207 1341 ingeniosissimi
1248 1280 1431 1340 artisque

150 1397 249 1427 suae
289 1384 562 1429 amantissimi
605 1383 777 1428 artificis
816 1383 1014 1443 precibus
1059 1391 1102 1427 et
1145 1381 1329 1426 lacrimis
1375 1382 1433 1426 ita

148 1494 358 1538 exoratur,
389 1494 435 1529 ut
453 1520 466 1539 ‚
498 1485 627 1529 modo
655 1492 871 1529 evanescat
895 1483 1053 1544 species
1092 1482 1223 1526 invisa
1239 1483 1431 1540 tyranni,

145 1589 309 1649 integra
337 1602 508 1631 manere
537 1595 702 1631 caetera
727 1584 948 1633 concedat.
979 1611 1040 1619 —-

203 1692 304 1735 Fuit
330 1662 521 1752 profecto
548 1692 742 1751 Sicyonis
770 1707 795 1734 a
825 1691 1049 1750 tyrannide
1077 1690 1272 1736 liberatio
1301 1691 1429 1749 ἀρχο-

142 1796 273 1852 μένου
303 1796 428 1854 ἔργον
457 1798 678 1854 πρόσωπον
707 1794 928 1853 τηλαυγές.
991 1795 1105 1840 Hinc
1130 1795 1246 1840 enim
1274 1794 1428 1856 glorio-

141 1913 234 1943 sum
270 1897 383 1943 illius
427 1898 506 1942 viri
548 1898 660 1944 vitae
687 1898 943 1943 curriculum
973 1897 1226 1944 felicissimis
1259 1899 1424 1960 incepit

138 2003 351 2064 auspiciis,
383 2002 489 2065 qui,
521 2002 710 2048 hostibus
740 2001 931 2063 undique
960 2011 1002 2046 et
1027 2003 1312 2062 proditoribus
1342 2003 1426 2047 ob-

137 2112 293 2166 sessUS,
328 2110 432 2174 quid
461 2109 621 2163 virtus,
655 2107 760 2170 quid
797 2105 965 2152 solertia
995 2107 1152 2168 possit,
1187 2106 1423 2152 luculenter

137 2215 348 2273 probavit.

192 2310 421 2376 Sicyonem
462 2324 557 2376 post
595 2315 900 2376 quinquaginta
961 2329 1090 2358 annos
1135 2322 1414 2372 tyrannorum

124 2426 227 2485 jugo
278 2431 470 2484 ereptam
523 2421 681 2464 summa
735 2429 1004 2481 conspexerat
1073 2419 1231 2465 invidia
1286 2421 1413 2466 Anti-

130 2545 259 2591 gonus
332 2530 540 2580 GonataS,
604 2524 874 2570 Macedoniae
933 2539 1015 2569 rex.
1110 2523 1244 2584 Hujus
1293 2522 1405 2568 enim

130 2652 208 2696 ope
228 2670 238 2689 ,
289 2642 458 2679 auctore
486 2630 663 2691 Polybio
682 2663 694 2684 ,
739 2628 913 2690 plurimi
955 2628 997 2672 in
1032 2628 1209 2674 Graecia
1238 2625 1314 2671 sati
1346 2633 1417 2682 ty-
