<?xml version="1.0" encoding="UTF-8"?>
<!DOCTYPE html PUBLIC "-//W3C//DTD XHTML 1.0 Transitional//EN"
    "http://www.w3.org/TR/xhtml1/DTD/xhtml1-transitional.dtd">
<html xmlns="http://www.w3.org/1999/xhtml" xml:lang="en" lang="en">
 <head>
  <title>
</title>
<meta http-equiv="Content-Type" content="text/html;charset=utf-8" />
  <meta name='ocr-system' content='tesseract 3.04.00' />
  <meta name='ocr-capabilities' content='ocr_page ocr_carea ocr_par ocr_line ocrx_word'/>
</head>
<body>
  <div class='ocr_page' id='page_1' title='image "4737160_0141.png"; bbox 0 0 1630 3217; ppageno 0'>
   <div class='ocr_carea' id='block_1_1' title="bbox 770 301 856 344">
    <p class='ocr_par' dir='ltr' id='par_1_1' title="bbox 770 301 856 344">
     <span class='ocr_line' id='line_1_1' title="bbox 770 301 856 344; baseline 0 -1"><span class='ocrx_word' id='word_1_1' title='bbox 770 301 856 344; x_wconf 85' lang='lat'>114</span> 
     </span>
    </p>
   </div>
   <div class='ocr_carea' id='block_1_2' title="bbox 165 441 1491 2468">
    <p class='ocr_par' dir='ltr' id='par_1_2' title="bbox 165 441 1463 1029">
     <span class='ocr_line' id='line_1_2' title="bbox 165 441 1462 504; baseline -0.001 -13"><span class='ocrx_word' id='word_1_2' title='bbox 165 446 292 491; x_wconf 67' lang='lat' dir='ltr'>*tanta</span> <span class='ocrx_word' id='word_1_3' title='bbox 324 445 369 488; x_wconf 91' lang='lat' dir='ltr'>in</span> <span class='ocrx_word' id='word_1_4' title='bbox 405 445 494 504; x_wconf 90' lang='lat' dir='ltr'>ejus</span> <span class='ocrx_word' id='word_1_5' title='bbox 540 442 729 486; x_wconf 86' lang='lat' dir='ltr'>animum</span> <span class='ocrx_word' id='word_1_6' title='bbox 779 441 949 488; x_wconf 88' lang='lat' dir='ltr'>irruisse</span> <span class='ocrx_word' id='word_1_7' title='bbox 988 442 1254 489; x_wconf 71' lang='lat' dir='ltr'>vehementia</span> <span class='ocrx_word' id='word_1_8' title='bbox 1290 451 1462 490; x_wconf 67' lang='lat' dir='ltr'>statue-</span> 
     </span>
     <span class='ocr_line' id='line_1_3' title="bbox 172 546 1459 609; baseline 0 -15"><span class='ocrx_word' id='word_1_9' title='bbox 172 550 229 594; x_wconf 90' lang='lat' dir='ltr'>rit</span> <span class='ocrx_word' id='word_1_10' title='bbox 246 583 258 603; x_wconf 91' lang='lat'>‚</span> <span class='ocrx_word' id='word_1_11' title='bbox 307 557 356 593; x_wconf 89' lang='lat' dir='ltr'>ut</span> <span class='ocrx_word' id='word_1_12' title='bbox 384 547 552 594; x_wconf 84' lang='lat' dir='ltr'>muneri</span> <span class='ocrx_word' id='word_1_13' title='bbox 582 547 770 609; x_wconf 81' lang='lat' dir='ltr'>quamvis</span> <span class='ocrx_word' id='word_1_14' title='bbox 794 546 1221 594; x_wconf 90' lang='lat' dir='ltr'>honorificentissimo</span> <span class='ocrx_word' id='word_1_15' title='bbox 1240 548 1459 594; x_wconf 88' lang='lat' dir='ltr'>renuntia-</span> 
     </span>
     <span class='ocr_line' id='line_1_4' title="bbox 176 652 1460 713; baseline 0 -17"><span class='ocrx_word' id='word_1_16' title='bbox 176 668 222 697; x_wconf 88' lang='lat' dir='ltr'>re</span> <span class='ocrx_word' id='word_1_17' title='bbox 244 652 477 706; x_wconf 89' lang='lat' dir='ltr'>maluerit,</span> <span class='ocrx_word' id='word_1_18' title='bbox 515 667 671 712; x_wconf 88' lang='lat' dir='ltr'>quam,</span> <span class='ocrx_word' id='word_1_19' title='bbox 703 660 765 696; x_wconf 87' lang='lat' dir='ltr'>tot</span> <span class='ocrx_word' id='word_1_20' title='bbox 789 652 979 713; x_wconf 88' lang='lat' dir='ltr'>undique</span> <span class='ocrx_word' id='word_1_21' title='bbox 1007 653 1315 699; x_wconf 84' lang='lat' dir='ltr'>circumventus</span> <span class='ocrx_word' id='word_1_22' title='bbox 1341 653 1460 713; x_wconf 89' lang='lat' dir='ltr'>peri-</span> 
     </span>
     <span class='ocr_line' id='line_1_5' title="bbox 179 757 1462 821; baseline -0.001 -18"><span class='ocrx_word' id='word_1_23' title='bbox 179 758 283 803; x_wconf 87' lang='lat' dir='ltr'>culis</span> <span class='ocrx_word' id='word_1_24' title='bbox 301 792 314 813; x_wconf 90' lang='lat'><strong>,</strong></span> <span class='ocrx_word' id='word_1_25' title='bbox 359 774 505 804; x_wconf 89' lang='lat' dir='ltr'>rerum</span> <span class='ocrx_word' id='word_1_26' title='bbox 536 758 815 821; x_wconf 79' lang='lat' dir='ltr'>gerendarum</span> <span class='ocrx_word' id='word_1_27' title='bbox 839 757 975 804; x_wconf 76' lang='lat' dir='ltr'>haud&#39;</span> <span class='ocrx_word' id='word_1_28' title='bbox 991 774 1091 804; x_wconf 85' lang='lat' dir='ltr'>sane</span> <span class='ocrx_word' id='word_1_29' title='bbox 1123 759 1391 806; x_wconf 81' lang='lat' dir='ltr'>invidendam</span> <span class='ocrx_word' id='word_1_30' title='bbox 1417 757 1462 802; x_wconf 91' lang='lat' dir='ltr'>in</span> 
     </span>
     <span class='ocr_line' id='line_1_6' title="bbox 174 862 1463 926; baseline -0.002 -17"><span class='ocrx_word' id='word_1_31' title='bbox 174 881 220 910; x_wconf 84' lang='lat' dir='ltr'>se</span> <span class='ocrx_word' id='word_1_32' title='bbox 259 881 395 911; x_wconf 89' lang='lat' dir='ltr'>unum</span> <span class='ocrx_word' id='word_1_33' title='bbox 435 880 581 911; x_wconf 86' lang='lat' dir='ltr'>curam</span> <span class='ocrx_word' id='word_1_34' title='bbox 617 864 821 925; x_wconf 84' lang='lat' dir='ltr'>recipere.</span> <span class='ocrx_word' id='word_1_35' title='bbox 884 862 971 909; x_wconf 85' lang='lat' dir='ltr'>Sed</span> <span class='ocrx_word' id='word_1_36' title='bbox 999 879 1091 910; x_wconf 85' lang='lat' dir='ltr'>rem</span> <span class='ocrx_word' id='word_1_37' title='bbox 1117 862 1293 926; x_wconf 81' lang='lat' dir='ltr'>pressius</span> <span class='ocrx_word' id='word_1_38' title='bbox 1321 875 1463 923; x_wconf 88' lang='lat' dir='ltr'>perse-</span> 
     </span>
     <span class='ocr_line' id='line_1_7' title="bbox 180 982 372 1029; baseline 0.005 -17"><span class='ocrx_word' id='word_1_39' title='bbox 180 982 372 1029; x_wconf 88' lang='lat' dir='ltr'>quamur.</span> 
     </span>
    </p>

    <p class='ocr_par' dir='ltr' id='par_1_3' title="bbox 167 1068 1491 2468">
     <span class='ocr_line' id='line_1_8' title="bbox 241 1068 1467 1130; baseline -0.003 -14"><span class='ocrx_word' id='word_1_40' title='bbox 241 1069 350 1116; x_wconf 85' lang='lat' dir='ltr'>Cum</span> <span class='ocrx_word' id='word_1_41' title='bbox 378 1069 605 1115; x_wconf 84' lang='lat' dir='ltr'>Cleomene</span> <span class='ocrx_word' id='word_1_42' title='bbox 628 1068 757 1129; x_wconf 83' lang='lat' dir='ltr'>igitur</span> <span class='ocrx_word' id='word_1_43' title='bbox 773 1101 786 1121; x_wconf 92' lang='lat'>‚</span> <span class='ocrx_word' id='word_1_44' title='bbox 820 1082 948 1128; x_wconf 86' lang='lat' dir='ltr'>quem</span> <span class='ocrx_word' id='word_1_45' title='bbox 981 1068 1026 1112; x_wconf 86' lang='lat' dir='ltr'>in</span> <span class='ocrx_word' id='word_1_46' title='bbox 1066 1082 1164 1128; x_wconf 84' lang='lat' dir='ltr'>agro</span> <span class='ocrx_word' id='word_1_47' title='bbox 1193 1068 1467 1130; x_wconf 78' lang='lat' dir='ltr'>Megalopoli-</span> 
     </span>
     <span class='ocr_line' id='line_1_9' title="bbox 178 1169 1469 1233; baseline -0.004 -15"><span class='ocrx_word' id='word_1_48' title='bbox 178 1182 276 1218; x_wconf 87' lang='lat' dir='ltr'>tano</span> <span class='ocrx_word' id='word_1_49' title='bbox 293 1207 305 1227; x_wconf 93' lang='lat'>‚</span> <span class='ocrx_word' id='word_1_50' title='bbox 356 1190 380 1217; x_wconf 90' lang='lat' dir='ltr'>a</span> <span class='ocrx_word' id='word_1_51' title='bbox 419 1172 551 1233; x_wconf 87' lang='lat' dir='ltr'>copiis</span> <span class='ocrx_word' id='word_1_52' title='bbox 595 1171 680 1217; x_wconf 90' lang='lat' dir='ltr'>suis</span> <span class='ocrx_word' id='word_1_53' title='bbox 721 1170 932 1215; x_wconf 81' lang='lat' dir='ltr'>devastato</span> <span class='ocrx_word' id='word_1_54' title='bbox 951 1204 963 1223; x_wconf 89' lang='lat'><em>‚</em></span> <span class='ocrx_word' id='word_1_55' title='bbox 1022 1169 1294 1215; x_wconf 84' lang='lat' dir='ltr'>insultantem</span> <span class='ocrx_word' id='word_1_56' title='bbox 1337 1171 1469 1215; x_wconf 87' lang='lat' dir='ltr'>Arato</span> 
     </span>
     <span class='ocr_line' id='line_1_10' title="bbox 179 1259 1491 1338; baseline -0.003 -17"><span class='ocrx_word' id='word_1_57' title='bbox 179 1292 306 1338; x_wconf 86' lang='lat' dir='ltr'>supra</span> <span class='ocrx_word' id='word_1_58' title='bbox 331 1276 580 1337; x_wconf 89' lang='lat' dir='ltr'>reliquimus</span> <span class='ocrx_word' id='word_1_59' title='bbox 596 1309 608 1330; x_wconf 93' lang='lat'><strong>,</strong></span> <span class='ocrx_word' id='word_1_60' title='bbox 641 1274 744 1319; x_wconf 88' lang='lat' dir='ltr'>belli</span> <span class='ocrx_word' id='word_1_61' title='bbox 772 1275 942 1319; x_wconf 87' lang='lat' dir='ltr'>fortuna</span> <span class='ocrx_word' id='word_1_62' title='bbox 957 1308 969 1327; x_wconf 93' lang='lat'>,</span> <span class='ocrx_word' id='word_1_63' title='bbox 1003 1274 1056 1318; x_wconf 89' lang='lat' dir='ltr'>ab</span> <span class='ocrx_word' id='word_1_64' title='bbox 1094 1289 1144 1318; x_wconf 91' lang='lat' dir='ltr'>eo</span> <span class='ocrx_word' id='word_1_65' title='bbox 1170 1273 1269 1318; x_wconf 90' lang='lat' dir='ltr'>inde</span> <span class='ocrx_word' id='word_1_66' title='bbox 1297 1259 1491 1335; x_wconf 19' lang='lat' dir='ltr'>tempo-s</span> 
     </span>
     <span class='ocr_line' id='line_1_11' title="bbox 178 1375 1467 1438; baseline -0.001 -15"><span class='ocrx_word' id='word_1_67' title='bbox 178 1395 226 1424; x_wconf 84' lang='lat' dir='ltr'>re</span> <span class='ocrx_word' id='word_1_68' title='bbox 242 1413 256 1435; x_wconf 87' lang='lat'>‚</span> <span class='ocrx_word' id='word_1_69' title='bbox 289 1380 336 1424; x_wconf 89' lang='lat' dir='ltr'>in</span> <span class='ocrx_word' id='word_1_70' title='bbox 364 1378 634 1424; x_wconf 81' lang='lat' dir='ltr'>Achaeorum</span> <span class='ocrx_word' id='word_1_71' title='bbox 651 1376 885 1438; x_wconf 85' lang='lat' dir='ltr'>perniciem</span> <span class='ocrx_word' id='word_1_72' title='bbox 902 1410 914 1430; x_wconf 95' lang='lat'><strong><em>,</em></strong></span> <span class='ocrx_word' id='word_1_73' title='bbox 950 1376 1207 1437; x_wconf 85' lang='lat' dir='ltr'>conspirasse</span> <span class='ocrx_word' id='word_1_74' title='bbox 1230 1375 1467 1424; x_wconf 80' lang='lat' dir='ltr'>videbatur.</span> 
     </span>
     <span class='ocr_line' id='line_1_12' title="bbox 180 1480 1468 1553; baseline -0.002 -26"><span class='ocrx_word' id='word_1_75' title='bbox 180 1484 236 1527; x_wconf 83' lang='lat' dir='ltr'>Et</span> <span class='ocrx_word' id='word_1_76' title='bbox 263 1482 451 1543; x_wconf 86' lang='lat' dir='ltr'>primum</span> <span class='ocrx_word' id='word_1_77' title='bbox 482 1481 657 1543; x_wconf 89' lang='lat' dir='ltr'>quidem</span> <span class='ocrx_word' id='word_1_78' title='bbox 687 1481 995 1553; x_wconf 75' lang='lat' dir='ltr'>Mantineenses</span> <span class='ocrx_word' id='word_1_79' title='bbox 1033 1495 1133 1524; x_wconf 89' lang='lat' dir='ltr'>eum</span> <span class='ocrx_word' id='word_1_80' title='bbox 1169 1480 1222 1524; x_wconf 89' lang='lat' dir='ltr'>ad</span> <span class='ocrx_word' id='word_1_81' title='bbox 1255 1496 1297 1524; x_wconf 90' lang='lat' dir='ltr'>se</span> <span class='ocrx_word' id='word_1_82' title='bbox 1340 1495 1468 1525; x_wconf 80' lang='lat' dir='ltr'>voca-</span> 
     </span>
     <span class='ocr_line' id='line_1_13' title="bbox 175 1582 1468 1644; baseline -0.001 -16"><span class='ocrx_word' id='word_1_83' title='bbox 175 1592 277 1628; x_wconf 88' lang='lat' dir='ltr'>runt</span> <span class='ocrx_word' id='word_1_84' title='bbox 293 1617 306 1639; x_wconf 90' lang='lat'><strong><em>,</em></strong></span> <span class='ocrx_word' id='word_1_85' title='bbox 351 1599 535 1644; x_wconf 90' lang='lat' dir='ltr'>cumque</span> <span class='ocrx_word' id='word_1_86' title='bbox 583 1591 715 1628; x_wconf 87' lang='lat' dir='ltr'>noctu</span> <span class='ocrx_word' id='word_1_87' title='bbox 753 1583 799 1627; x_wconf 80' lang='lat' dir='ltr'>in</span> <span class='ocrx_word' id='word_1_88' title='bbox 838 1598 986 1628; x_wconf 88' lang='lat' dir='ltr'>eorum</span> <span class='ocrx_word' id='word_1_89' title='bbox 1029 1582 1179 1627; x_wconf 83' lang='lat' dir='ltr'>urbem</span> <span class='ocrx_word' id='word_1_90' title='bbox 1220 1582 1436 1644; x_wconf 84' lang='lat' dir='ltr'>irrupisset</span> <span class='ocrx_word' id='word_1_91' title='bbox 1453 1616 1468 1638; x_wconf 91' lang='lat'>‚</span> 
     </span>
     <span class='ocr_line' id='line_1_14' title="bbox 176 1686 1470 1747; baseline 0.001 -16"><span class='ocrx_word' id='word_1_92' title='bbox 176 1687 389 1747; x_wconf 82' lang='lat' dir='ltr'>praesidio</span> <span class='ocrx_word' id='word_1_93' title='bbox 431 1686 700 1732; x_wconf 83' lang='lat' dir='ltr'>Achaeorum</span> <span class='ocrx_word' id='word_1_94' title='bbox 740 1687 793 1731; x_wconf 90' lang='lat' dir='ltr'>ab</span> <span class='ocrx_word' id='word_1_95' title='bbox 836 1687 1027 1747; x_wconf 77' lang='lat' dir='ltr'>utrisque</span> <span class='ocrx_word' id='word_1_96' title='bbox 1065 1686 1191 1731; x_wconf 86' lang='lat' dir='ltr'>simul</span> <span class='ocrx_word' id='word_1_97' title='bbox 1228 1688 1392 1747; x_wconf 90' lang='lat' dir='ltr'>ejecto,</span> <span class='ocrx_word' id='word_1_98' title='bbox 1424 1688 1470 1732; x_wconf 82' lang='lat' dir='ltr'>in</span> 
     </span>
     <span class='ocr_line' id='line_1_15' title="bbox 179 1772 1469 1849; baseline 0.001 -17"><span class='ocrx_word' id='word_1_99' title='bbox 179 1791 269 1849; x_wconf 87' lang='lat' dir='ltr'>ejus</span> <span class='ocrx_word' id='word_1_100' title='bbox 295 1805 338 1832; x_wconf 88' lang='lat' dir='ltr'>se</span> <span class='ocrx_word' id='word_1_101' title='bbox 368 1789 496 1832; x_wconf 89' lang='lat' dir='ltr'>fidem</span> <span class='ocrx_word' id='word_1_102' title='bbox 523 1772 806 1834; x_wconf 87' lang='lat' dir='ltr'>tradiderunt.</span> <span class='ocrx_word' id='word_1_103' title='bbox 869 1786 984 1831; x_wconf 88' lang='lat' dir='ltr'>Hinc</span> <span class='ocrx_word' id='word_1_104' title='bbox 1003 1822 1015 1843; x_wconf 91' lang='lat'>,</span> <span class='ocrx_word' id='word_1_105' title='bbox 1064 1788 1212 1833; x_wconf 89' lang='lat' dir='ltr'>eodem</span> <span class='ocrx_word' id='word_1_106' title='bbox 1250 1787 1348 1843; x_wconf 80' lang='lat' dir='ltr'>die,</span> <span class='ocrx_word' id='word_1_107' title='bbox 1384 1789 1469 1833; x_wconf 89' lang='lat' dir='ltr'>Tc-</span> 
     </span>
     <span class='ocr_line' id='line_1_16' title="bbox 179 1890 1468 1952; baseline 0.004 -17"><span class='ocrx_word' id='word_1_108' title='bbox 179 1906 300 1951; x_wconf 79' lang='lat' dir='ltr'>geam</span> <span class='ocrx_word' id='word_1_109' title='bbox 328 1890 449 1938; x_wconf 89' lang='lat' dir='ltr'>abiit.</span> <span class='ocrx_word' id='word_1_110' title='bbox 512 1891 610 1936; x_wconf 84' lang='lat' dir='ltr'>Mox</span> <span class='ocrx_word' id='word_1_111' title='bbox 635 1904 713 1952; x_wconf 91' lang='lat' dir='ltr'>per</span> <span class='ocrx_word' id='word_1_112' title='bbox 742 1890 969 1937; x_wconf 80' lang='lat' dir='ltr'>Arcadiam</span> <span class='ocrx_word' id='word_1_113' title='bbox 1007 1892 1053 1936; x_wconf 87' lang='lat' dir='ltr'>in</span> <span class='ocrx_word' id='word_1_114' title='bbox 1081 1891 1233 1938; x_wconf 88' lang='lat' dir='ltr'>Pheras</span> <span class='ocrx_word' id='word_1_115' title='bbox 1263 1893 1468 1940; x_wconf 67' lang='lat' dir='ltr'>Achaicas</span> 
     </span>
     <span class='ocr_line' id='line_1_17' title="bbox 167 1994 1466 2057; baseline 0.003 -18"><span class='ocrx_word' id='word_1_116' title='bbox 167 1994 423 2049; x_wconf 65' lang='lat' dir='ltr'>contendit,</span> <span class='ocrx_word' id='word_1_117' title='bbox 457 1994 502 2039; x_wconf 92' lang='lat' dir='ltr'>id</span> <span class='ocrx_word' id='word_1_118' title='bbox 531 2010 656 2056; x_wconf 79' lang='lat' dir='ltr'>agens</span> <span class='ocrx_word' id='word_1_119' title='bbox 682 2004 756 2049; x_wconf 91' lang='lat' dir='ltr'>ut,</span> <span class='ocrx_word' id='word_1_120' title='bbox 789 1995 856 2039; x_wconf 89' lang='lat' dir='ltr'>vel</span> <span class='ocrx_word' id='word_1_121' title='bbox 877 1995 994 2057; x_wconf 80' lang='lat' dir='ltr'>signa</span> <span class='ocrx_word' id='word_1_122' title='bbox 1025 2011 1122 2041; x_wconf 89' lang='lat' dir='ltr'>cum</span> <span class='ocrx_word' id='word_1_123' title='bbox 1150 1995 1271 2043; x_wconf 84' lang='lat' dir='ltr'>hoste</span> <span class='ocrx_word' id='word_1_124' title='bbox 1300 1999 1466 2045; x_wconf 90' lang='lat' dir='ltr'>confer-</span> 
     </span>
     <span class='ocr_line' id='line_1_18' title="bbox 177 2095 1467 2164; baseline 0.005 -23"><span class='ocrx_word' id='word_1_125' title='bbox 177 2099 272 2152; x_wconf 85' lang='lat' dir='ltr'>ret,</span> <span class='ocrx_word' id='word_1_126' title='bbox 303 2098 376 2142; x_wconf 79' lang='lat' dir='ltr'>vel-</span> <span class='ocrx_word' id='word_1_127' title='bbox 402 2095 623 2143; x_wconf 88' lang='lat' dir='ltr'>calumniis</span> <span class='ocrx_word' id='word_1_128' title='bbox 652 2098 860 2159; x_wconf 88' lang='lat' dir='ltr'>objiceret</span> <span class='ocrx_word' id='word_1_129' title='bbox 884 2101 1061 2145; x_wconf 86' lang='lat' dir='ltr'>Aratum</span> <span class='ocrx_word' id='word_1_130' title='bbox 1077 2135 1090 2156; x_wconf 90' lang='lat'><strong>,</strong></span> <span class='ocrx_word' id='word_1_131' title='bbox 1122 2109 1340 2163; x_wconf 86' lang='lat' dir='ltr'>tamquam</span> <span class='ocrx_word' id='word_1_132' title='bbox 1360 2118 1467 2164; x_wconf 77' lang='lat' dir='ltr'>pug-</span> 
     </span>
     <span class='ocr_line' id='line_1_19' title="bbox 176 2199 1466 2266; baseline 0.005 -23"><span class='ocrx_word' id='word_1_133' title='bbox 176 2215 275 2244; x_wconf 86' lang='lat' dir='ltr'>nam</span> <span class='ocrx_word' id='word_1_134' title='bbox 304 2199 639 2256; x_wconf 89' lang='lat' dir='ltr'>detrectantem,</span> <span class='ocrx_word' id='word_1_135' title='bbox 687 2201 853 2263; x_wconf 87' lang='lat' dir='ltr'>sibique</span> <span class='ocrx_word' id='word_1_136' title='bbox 890 2201 1107 2264; x_wconf 80' lang='lat' dir='ltr'>regionem</span> <span class='ocrx_word' id='word_1_137' title='bbox 1146 2203 1262 2266; x_wconf 90' lang='lat' dir='ltr'>illam</span> <span class='ocrx_word' id='word_1_138' title='bbox 1303 2204 1466 2250; x_wconf 77' lang='lat' dir='ltr'>condo·—</span> 
     </span>
     <span class='ocr_line' id='line_1_20' title="bbox 180 2303 1468 2364; baseline 0.008 -21"><span class='ocrx_word' id='word_1_139' title='bbox 180 2310 365 2347; x_wconf 85' lang='lat' dir='ltr'>nantem.</span> <span class='ocrx_word' id='word_1_140' title='bbox 417 2303 591 2353; x_wconf 58' lang='lat' dir='ltr'>‘Parum</span> <span class='ocrx_word' id='word_1_141' title='bbox 623 2305 855 2364; x_wconf 88' lang='lat' dir='ltr'>prudenter</span> <span class='ocrx_word' id='word_1_142' title='bbox 879 2305 1035 2351; x_wconf 86' lang='lat' dir='ltr'>deinde</span> <span class='ocrx_word' id='word_1_143' title='bbox 1079 2305 1321 2352; x_wconf 87' lang='lat' dir='ltr'>Cleomenes</span> <span class='ocrx_word' id='word_1_144' title='bbox 1358 2309 1468 2356; x_wconf 86' lang='lat' dir='ltr'>inter</span> 
     </span>
     <span class='ocr_line' id='line_1_21' title="bbox 177 2405 1464 2468; baseline 0.008 -18"><span class='ocrx_word' id='word_1_145' title='bbox 177 2405 465 2468; x_wconf 78' lang='lat' dir='ltr'>Dymacorum</span> <span class='ocrx_word' id='word_1_146' title='bbox 508 2407 657 2452; x_wconf 85' lang='lat' dir='ltr'>urbem</span> <span class='ocrx_word' id='word_1_147' title='bbox 703 2406 900 2453; x_wconf 87' lang='lat' dir='ltr'>hostilem</span> <span class='ocrx_word' id='word_1_148' title='bbox 939 2416 984 2454; x_wconf 91' lang='lat' dir='ltr'>et</span> <span class='ocrx_word' id='word_1_149' title='bbox 1024 2419 1155 2457; x_wconf 89' lang='lat' dir='ltr'>castra</span> <span class='ocrx_word' id='word_1_150' title='bbox 1197 2410 1464 2460; x_wconf 82' lang='lat' dir='ltr'>Achaeorum</span> 
     </span>
    </p>
   </div>
   <div class='ocr_carea' id='block_1_3' title="bbox 177 2511 1462 2575">
    <p class='ocr_par' dir='ltr' id='par_1_4' title="bbox 177 2511 1462 2575">
     <span class='ocr_line' id='line_1_22' title="bbox 177 2511 1462 2575; baseline 0.005 -19"><span class='ocrx_word' id='word_1_151' title='bbox 177 2511 409 2557; x_wconf 83' lang='lat' dir='ltr'>consedisse</span> <span class='ocrx_word' id='word_1_152' title='bbox 439 2511 550 2558; x_wconf 80' lang='lat' dir='ltr'>visus</span> <span class='ocrx_word' id='word_1_153' title='bbox 572 2520 657 2567; x_wconf 90' lang='lat' dir='ltr'>est,</span> <span class='ocrx_word' id='word_1_154' title='bbox 690 2528 794 2575; x_wconf 87' lang='lat' dir='ltr'>quos</span> <span class='ocrx_word' id='word_1_155' title='bbox 816 2529 911 2559; x_wconf 88' lang='lat' dir='ltr'>cum</span> <span class='ocrx_word' id='word_1_156' title='bbox 929 2549 943 2571; x_wconf 95' lang='lat'>‚</span> <span class='ocrx_word' id='word_1_157' title='bbox 977 2515 1176 2564; x_wconf 85' lang='lat' dir='ltr'>audacter</span> <span class='ocrx_word' id='word_1_158' title='bbox 1200 2518 1462 2574; x_wconf 78' lang='lat' dir='ltr'>lacessendo,-</span> 
     </span>
    </p>
   </div>
   <div class='ocr_carea' id='block_1_4' title="bbox 168 2615 1461 2682">
    <p class='ocr_par' dir='ltr' id='par_1_5' title="bbox 168 2615 1461 2682">
     <span class='ocr_line' id='line_1_23' title="bbox 168 2615 1461 2682; baseline 0.002 -20"><span class='ocrx_word' id='word_1_159' title='bbox 168 2618 226 2663; x_wconf 80' lang='lat' dir='ltr'>ad</span> <span class='ocrx_word' id='word_1_160' title='bbox 256 2618 442 2680; x_wconf 73' lang='lat' dir='ltr'>&#39;pugnam</span> <span class='ocrx_word' id='word_1_161' title='bbox 462 2615 686 2681; x_wconf 65' lang='lat' dir='ltr'>&#39;coegisset</span> <span class='ocrx_word' id='word_1_162' title='bbox 704 2654 717 2676; x_wconf 93' lang='lat'>‚</span> <span class='ocrx_word' id='word_1_163' title='bbox 766 2635 959 2682; x_wconf 81' lang='lat' dir='ltr'>magnam</span> <span class='ocrx_word' id='word_1_164' title='bbox 994 2621 1047 2670; x_wconf 90' lang='lat' dir='ltr'>de</span> <span class='ocrx_word' id='word_1_165' title='bbox 1075 2620 1157 2669; x_wconf 84' lang='lat' dir='ltr'>illis</span> <span class='ocrx_word' id='word_1_166' title='bbox 1174 2657 1186 2678; x_wconf 95' lang='lat'><strong><em>,</em></strong></span> <span class='ocrx_word' id='word_1_167' title='bbox 1235 2622 1288 2668; x_wconf 89' lang='lat' dir='ltr'>ad</span> <span class='ocrx_word' id='word_1_168' title='bbox 1315 2623 1461 2669; x_wconf 89' lang='lat' dir='ltr'>Heca-</span> 
     </span>
    </p>
   </div>
  </div>
 </body>
</html>
