<?xml version="1.0" encoding="UTF-8"?>
<!DOCTYPE html PUBLIC "-//W3C//DTD XHTML 1.0 Transitional//EN"
    "http://www.w3.org/TR/xhtml1/DTD/xhtml1-transitional.dtd">
<html xmlns="http://www.w3.org/1999/xhtml" xml:lang="en" lang="en">
 <head>
  <title>
</title>
<meta http-equiv="Content-Type" content="text/html;charset=utf-8" />
  <meta name='ocr-system' content='tesseract 3.04.00' />
  <meta name='ocr-capabilities' content='ocr_page ocr_carea ocr_par ocr_line ocrx_word'/>
</head>
<body>
  <div class='ocr_page' id='page_1' title='image "4737160_0051.png"; bbox 0 0 1630 3217; ppageno 0'>
   <div class='ocr_carea' id='block_1_1' title="bbox 774 310 842 354">
    <p class='ocr_par' dir='ltr' id='par_1_1' title="bbox 774 310 842 354">
     <span class='ocr_line' id='line_1_1' title="bbox 774 310 842 354; baseline 0.015 -1"><span class='ocrx_word' id='word_1_1' title='bbox 774 310 842 354; x_wconf 44' lang='lat'><strong>2¹4·</strong></span> 
     </span>
    </p>
   </div>
   <div class='ocr_carea' id='block_1_2' title="bbox 156 449 1453 2283">
    <p class='ocr_par' dir='ltr' id='par_1_2' title="bbox 156 449 1453 2072">
     <span class='ocr_line' id='line_1_2' title="bbox 166 449 1447 517; baseline -0.005 -13"><span class='ocrx_word' id='word_1_2' title='bbox 166 458 285 512; x_wconf 80' lang='lat' dir='ltr'><strong>exul,</strong></span> <span class='ocrx_word' id='word_1_3' title='bbox 334 457 404 501; x_wconf 88' lang='lat' dir='ltr'><strong>ille</strong></span> <span class='ocrx_word' id='word_1_4' title='bbox 443 456 720 502; x_wconf 78' lang='lat' dir='ltr'><strong>Academicae</strong></span> <span class='ocrx_word' id='word_1_5' title='bbox 757 449 1051 517; x_wconf 78' lang='lat' dir='ltr'><strong>philosophiae</strong></span> <span class='ocrx_word' id='word_1_6' title='bbox 1091 454 1282 499; x_wconf 84' lang='lat' dir='ltr'><strong>alumnus</strong></span> <span class='ocrx_word' id='word_1_7' title='bbox 1321 461 1362 498; x_wconf 86' lang='lat' dir='ltr'><strong>et</strong></span> <span class='ocrx_word' id='word_1_8' title='bbox 1395 453 1447 498; x_wconf 88' lang='lat' dir='ltr'><strong>ad</strong></span> 
     </span>
     <span class='ocr_line' id='line_1_3' title="bbox 166 560 1446 626; baseline -0.003 -17"><span class='ocrx_word' id='word_1_9' title='bbox 166 564 374 626; x_wconf 80' lang='lat' dir='ltr'><strong>agendum</strong></span> <span class='ocrx_word' id='word_1_10' title='bbox 403 573 595 609; x_wconf 83' lang='lat' dir='ltr'><strong>strenuus</strong></span> <span class='ocrx_word' id='word_1_11' title='bbox 622 569 725 607; x_wconf 86' lang='lat' dir='ltr'><strong>erat.</strong></span> <span class='ocrx_word' id='word_1_12' title='bbox 792 561 988 619; x_wconf 80' lang='lat' dir='ltr'><strong>Quicum</strong></span> <span class='ocrx_word' id='word_1_13' title='bbox 1003 561 1193 606; x_wconf 88' lang='lat' dir='ltr'><strong>alacriter</strong></span> <span class='ocrx_word' id='word_1_14' title='bbox 1207 560 1446 606; x_wconf 85' lang='lat' dir='ltr'><strong>institutum</strong></span> 
     </span>
     <span class='ocr_line' id='line_1_4' title="bbox 167 664 1447 728; baseline 0.002 -21"><span class='ocrx_word' id='word_1_15' title='bbox 167 672 255 708; x_wconf 83' lang='lat' dir='ltr'><strong>tam</strong></span> <span class='ocrx_word' id='word_1_16' title='bbox 293 665 448 725; x_wconf 78' lang='lat' dir='ltr'>grande</span> <span class='ocrx_word' id='word_1_17' title='bbox 484 666 757 728; x_wconf 88' lang='lat' dir='ltr'><strong>probassent,</strong></span> <span class='ocrx_word' id='word_1_18' title='bbox 808 664 960 709; x_wconf 78' lang='lat' dir='ltr'><strong>Aratus</strong></span> <span class='ocrx_word' id='word_1_19' title='bbox 988 675 1087 711; x_wconf 82' lang='lat' dir='ltr'><strong>cum</strong></span> <span class='ocrx_word' id='word_1_20' title='bbox 1122 664 1295 727; x_wconf 87' lang='lat' dir='ltr'><strong>reliquis</strong></span> <span class='ocrx_word' id='word_1_21' title='bbox 1321 668 1447 711; x_wconf 87' lang='lat' dir='ltr'><strong>etiam</strong></span> 
     </span>
     <span class='ocr_line' id='line_1_5' title="bbox 165 744 1450 839; baseline 0 -27"><span class='ocrx_word' id='word_1_22' title='bbox 165 767 355 812; x_wconf 84' lang='lat' dir='ltr'><strong>exulibus</strong></span> <span class='ocrx_word' id='word_1_23' title='bbox 395 765 514 828; x_wconf 89' lang='lat' dir='ltr'><strong>loqui</strong></span> <span class='ocrx_word' id='word_1_24' title='bbox 545 766 712 828; x_wconf 88' lang='lat' dir='ltr'><strong>coepit,</strong></span> <span class='ocrx_word' id='word_1_25' title='bbox 760 781 929 828; x_wconf 87' lang='lat' dir='ltr'><strong>sperans</strong></span> <span class='ocrx_word' id='word_1_26' title='bbox 962 766 1053 814; x_wconf 87' lang='lat' dir='ltr'><strong>fore</strong></span> <span class='ocrx_word' id='word_1_27' title='bbox 1070 801 1081 823; x_wconf 91' lang='lat'><strong>,</strong></span> <span class='ocrx_word' id='word_1_28' title='bbox 1121 777 1169 813; x_wconf 91' lang='lat' dir='ltr'><strong>ut</strong></span> <span class='ocrx_word' id='word_1_29' title='bbox 1194 744 1450 839; x_wconf 14' lang='lat' dir='ltr'><strong>uno-*omnes</strong></span> 
     </span>
     <span class='ocr_line' id='line_1_6' title="bbox 164 854 1450 929; baseline 0.002 -13"><span class='ocrx_word' id='word_1_30' title='bbox 164 882 366 916; x_wconf 84' lang='lat' dir='ltr'><strong>consensu</strong></span> <span class='ocrx_word' id='word_1_31' title='bbox 404 872 456 915; x_wconf 85' lang='lat' dir='ltr'><strong>ad</strong></span> <span class='ocrx_word' id='word_1_32' title='bbox 498 880 583 914; x_wconf 87' lang='lat' dir='ltr'><strong>tam</strong></span> <span class='ocrx_word' id='word_1_33' title='bbox 626 870 834 929; x_wconf 85' lang='lat' dir='ltr'><strong>praeclari</strong></span> <span class='ocrx_word' id='word_1_34' title='bbox 863 872 1061 917; x_wconf 86' lang='lat' dir='ltr'><strong>facinoris</strong></span> <span class='ocrx_word' id='word_1_35' title='bbox 1098 854 1450 918; x_wconf 56' lang='lat' dir='ltr'><strong>societatem‘⁴‘ac-</strong></span> 
     </span>
     <span class='ocr_line' id='line_1_7' title="bbox 163 945 1450 1036; baseline 0.001 -15"><span class='ocrx_word' id='word_1_36' title='bbox 163 977 377 1023; x_wconf 90' lang='lat' dir='ltr'><strong>cederent.</strong></span> <span class='ocrx_word' id='word_1_37' title='bbox 400 945 402 947; x_wconf 21' lang='grc' dir='ltr'>Ι</span> <span class='ocrx_word' id='word_1_38' title='bbox 441 974 525 1020; x_wconf 86' lang='lat' dir='ltr'><strong>Sed</strong></span> <span class='ocrx_word' id='word_1_39' title='bbox 550 974 677 1036; x_wconf 89' lang='lat' dir='ltr'><strong>pauci</strong></span> <span class='ocrx_word' id='word_1_40' title='bbox 701 982 867 1019; x_wconf 84' lang='lat' dir='ltr'><strong>tantum</strong></span> <span class='ocrx_word' id='word_1_41' title='bbox 881 1010 893 1029; x_wconf 92' lang='lat'><strong><em>,</em></strong></span> <span class='ocrx_word' id='word_1_42' title='bbox 927 991 1032 1036; x_wconf 86' lang='lat' dir='ltr'><strong>quos</strong></span> <span class='ocrx_word' id='word_1_43' title='bbox 1055 977 1262 1022; x_wconf 83' lang='lat' dir='ltr'><strong>libertatis</strong></span> <span class='ocrx_word' id='word_1_44' title='bbox 1284 974 1450 1022; x_wconf 82' lang='lat' dir='ltr'><strong>causam</strong></span> 
     </span>
     <span class='ocr_line' id='line_1_8' title="bbox 164 1056 1453 1141; baseline -0.001 -16"><span class='ocrx_word' id='word_1_45' title='bbox 164 1056 356 1126; x_wconf 81' lang='lat' dir='ltr'><strong>deserere</strong></span> <span class='ocrx_word' id='word_1_46' title='bbox 381 1081 602 1141; x_wconf 90' lang='lat' dir='ltr'><strong>pudebat,</strong></span> <span class='ocrx_word' id='word_1_47' title='bbox 634 1095 789 1126; x_wconf 89' lang='lat' dir='ltr'><strong>nomen</strong></span> <span class='ocrx_word' id='word_1_48' title='bbox 813 1080 1027 1141; x_wconf 85' lang='lat' dir='ltr'><strong>fidemque</strong></span> <span class='ocrx_word' id='word_1_49' title='bbox 1052 1079 1259 1125; x_wconf 90' lang='lat' dir='ltr'><strong>dederunt</strong></span> <span class='ocrx_word' id='word_1_50' title='bbox 1276 1115 1288 1135; x_wconf 93' lang='lat'><strong><em>,</em></strong></span> <span class='ocrx_word' id='word_1_51' title='bbox 1320 1082 1453 1141; x_wconf 89' lang='lat' dir='ltr'><strong>pleri-</strong></span> 
     </span>
     <span class='ocr_line' id='line_1_9' title="bbox 166 1182 1452 1245; baseline -0.001 -17"><span class='ocrx_word' id='word_1_52' title='bbox 166 1197 251 1245; x_wconf 84' lang='lat' dir='ltr'><strong>que</strong></span> <span class='ocrx_word' id='word_1_53' title='bbox 291 1198 391 1228; x_wconf 78' lang='lat' dir='ltr'><strong>vero</strong></span> <span class='ocrx_word' id='word_1_54' title='bbox 429 1182 546 1244; x_wconf 89' lang='lat' dir='ltr'><strong>quasi</strong></span> <span class='ocrx_word' id='word_1_55' title='bbox 588 1198 731 1227; x_wconf 89' lang='lat' dir='ltr'><strong>rerum</strong></span> <span class='ocrx_word' id='word_1_56' title='bbox 774 1183 987 1243; x_wconf 65' lang='lat' dir='ltr'><strong>imperitia</strong></span> <span class='ocrx_word' id='word_1_57' title='bbox 1026 1183 1225 1229; x_wconf 85' lang='lat' dir='ltr'><strong>audacius</strong></span> <span class='ocrx_word' id='word_1_58' title='bbox 1260 1192 1452 1245; x_wconf 82' lang='lat' dir='ltr'><strong>agentem</strong></span> 
     </span>
     <span class='ocr_line' id='line_1_10' title="bbox 163 1286 1452 1350; baseline -0.002 -17"><span class='ocrx_word' id='word_1_59' title='bbox 163 1290 396 1350; x_wconf 85' lang='lat' dir='ltr'><strong>reprimere</strong></span> <span class='ocrx_word' id='word_1_60' title='bbox 439 1288 715 1335; x_wconf 84' lang='lat' dir='ltr'><strong>conabantur.</strong></span> <span class='ocrx_word' id='word_1_61' title='bbox 781 1288 838 1333; x_wconf 85' lang='lat' dir='ltr'><strong>At</strong></span> <span class='ocrx_word' id='word_1_62' title='bbox 879 1301 979 1333; x_wconf 83' lang='lat' dir='ltr'><strong>vero</strong></span> <span class='ocrx_word' id='word_1_63' title='bbox 1004 1286 1183 1331; x_wconf 91' lang='lat' dir='ltr'><strong>arduum</strong></span> <span class='ocrx_word' id='word_1_64' title='bbox 1211 1294 1330 1342; x_wconf 89' lang='lat' dir='ltr'><strong>erat,</strong></span> <span class='ocrx_word' id='word_1_65' title='bbox 1372 1287 1452 1331; x_wconf 91' lang='lat' dir='ltr'><strong>im-</strong></span> 
     </span>
     <span class='ocr_line' id='line_1_11' title="bbox 165 1390 1452 1453; baseline -0.003 -16"><span class='ocrx_word' id='word_1_66' title='bbox 165 1400 315 1453; x_wconf 89' lang='lat' dir='ltr'><strong>petum</strong></span> <span class='ocrx_word' id='word_1_67' title='bbox 345 1392 489 1437; x_wconf 89' lang='lat' dir='ltr'><strong>sistere</strong></span> <span class='ocrx_word' id='word_1_68' title='bbox 510 1401 601 1436; x_wconf 76' lang='lat' dir='ltr'><strong>tam</strong></span> <span class='ocrx_word' id='word_1_69' title='bbox 623 1405 884 1452; x_wconf 79' lang='lat' dir='ltr'><strong>generosum.</strong></span> <span class='ocrx_word' id='word_1_70' title='bbox 949 1390 1102 1436; x_wconf 87' lang='lat' dir='ltr'><strong>Aratus</strong></span> <span class='ocrx_word' id='word_1_71' title='bbox 1138 1391 1293 1451; x_wconf 83' lang='lat' dir='ltr'><strong>igitur,</strong></span> <span class='ocrx_word' id='word_1_72' title='bbox 1327 1391 1452 1452; x_wconf 89' lang='lat' dir='ltr'><strong>quip-</strong></span> 
     </span>
     <span class='ocr_line' id='line_1_12' title="bbox 164 1491 1451 1557; baseline -0.002 -17"><span class='ocrx_word' id='word_1_73' title='bbox 164 1511 220 1557; x_wconf 89' lang='lat' dir='ltr'><strong>pe</strong></span> <span class='ocrx_word' id='word_1_74' title='bbox 262 1495 337 1555; x_wconf 89' lang='lat' dir='ltr'><strong>qui</strong></span> <span class='ocrx_word' id='word_1_75' title='bbox 367 1493 534 1539; x_wconf 85' lang='lat' dir='ltr'><strong>occulte</strong></span> <span class='ocrx_word' id='word_1_76' title='bbox 559 1502 601 1538; x_wconf 91' lang='lat' dir='ltr'><strong>et</strong></span> <span class='ocrx_word' id='word_1_77' title='bbox 630 1492 759 1538; x_wconf 90' lang='lat' dir='ltr'><strong>semel</strong></span> <span class='ocrx_word' id='word_1_78' title='bbox 799 1493 940 1554; x_wconf 92' lang='lat' dir='ltr'><strong>potius</strong></span> <span class='ocrx_word' id='word_1_79' title='bbox 965 1491 1019 1537; x_wconf 90' lang='lat' dir='ltr'><strong>de</strong></span> <span class='ocrx_word' id='word_1_80' title='bbox 1045 1493 1207 1538; x_wconf 64' lang='lat' dir='ltr'><strong>summa</strong></span> <span class='ocrx_word' id='word_1_81' title='bbox 1232 1493 1295 1537; x_wconf 90' lang='lat' dir='ltr'><strong>rei</strong></span> <span class='ocrx_word' id='word_1_82' title='bbox 1318 1493 1451 1538; x_wconf 87' lang='lat' dir='ltr'><strong>aleam</strong></span> 
     </span>
     <span class='ocr_line' id='line_1_13' title="bbox 156 1595 1450 1662; baseline -0.004 -16"><span class='ocrx_word' id='word_1_83' title='bbox 156 1603 301 1662; x_wconf 72' lang='lat' dir='ltr'><strong>Jacere</strong></span> <span class='ocrx_word' id='word_1_84' title='bbox 318 1633 334 1658; x_wconf 85' lang='lat'>,</span> <span class='ocrx_word' id='word_1_85' title='bbox 366 1615 495 1662; x_wconf 88' lang='lat' dir='ltr'><strong>quam</strong></span> <span class='ocrx_word' id='word_1_86' title='bbox 523 1606 669 1644; x_wconf 89' lang='lat' dir='ltr'><strong>contra</strong></span> <span class='ocrx_word' id='word_1_87' title='bbox 692 1606 920 1658; x_wconf 73' lang='lat' dir='ltr'><strong>tyrannum</strong></span> <span class='ocrx_word' id='word_1_88' title='bbox 950 1596 1074 1658; x_wconf 82' lang='lat' dir='ltr'><strong>longo</strong></span> <span class='ocrx_word' id='word_1_89' title='bbox 1101 1595 1212 1640; x_wconf 91' lang='lat' dir='ltr'><strong>bello</strong></span> <span class='ocrx_word' id='word_1_90' title='bbox 1236 1605 1279 1641; x_wconf 93' lang='lat' dir='ltr'><strong>et</strong></span> <span class='ocrx_word' id='word_1_91' title='bbox 1305 1605 1450 1658; x_wconf 90' lang='lat' dir='ltr'><strong>aperto</strong></span> 
     </span>
     <span class='ocr_line' id='line_1_14' title="bbox 164 1698 1451 1766; baseline -0.002 -19"><span class='ocrx_word' id='word_1_92' title='bbox 164 1703 305 1748; x_wconf 85' lang='lat' dir='ltr'><strong>Marte</strong></span> <span class='ocrx_word' id='word_1_93' title='bbox 332 1699 587 1766; x_wconf 69' lang='lat' dir='ltr'><strong>contendere</strong></span> <span class='ocrx_word' id='word_1_94' title='bbox 615 1699 762 1742; x_wconf 87' lang='lat' dir='ltr'><strong>mallet</strong></span> <span class='ocrx_word' id='word_1_95' title='bbox 779 1733 791 1752; x_wconf 92' lang='lat'><strong><em>‚</em></strong></span> <span class='ocrx_word' id='word_1_96' title='bbox 837 1698 881 1742; x_wconf 93' lang='lat' dir='ltr'><strong>id</strong></span> <span class='ocrx_word' id='word_1_97' title='bbox 906 1698 1098 1760; x_wconf 87' lang='lat' dir='ltr'><strong>inprimis</strong></span> <span class='ocrx_word' id='word_1_98' title='bbox 1123 1700 1208 1760; x_wconf 83' lang='lat' dir='ltr'><strong>egit</strong></span> <span class='ocrx_word' id='word_1_99' title='bbox 1237 1709 1285 1744; x_wconf 93' lang='lat' dir='ltr'><strong>ut</strong></span> <span class='ocrx_word' id='word_1_100' title='bbox 1311 1699 1451 1744; x_wconf 90' lang='lat' dir='ltr'><strong>locum</strong></span> 
     </span>
     <span class='ocr_line' id='line_1_15' title="bbox 163 1803 1452 1869; baseline -0.002 -18"><span class='ocrx_word' id='word_1_101' title='bbox 163 1805 379 1869; x_wconf 84' lang='lat' dir='ltr'><strong>quendam</strong></span> <span class='ocrx_word' id='word_1_102' title='bbox 401 1803 625 1863; x_wconf 73' lang='lat' dir='ltr'><strong>Sicyoniae</strong></span> <span class='ocrx_word' id='word_1_103' title='bbox 648 1811 903 1864; x_wconf 86' lang='lat' dir='ltr'><strong>occuparet,</strong></span> <span class='ocrx_word' id='word_1_104' title='bbox 938 1819 1022 1863; x_wconf 87' lang='lat' dir='ltr'><strong>quo</strong></span> <span class='ocrx_word' id='word_1_105' title='bbox 1048 1804 1149 1848; x_wconf 89' lang='lat' dir='ltr'><strong>belli</strong></span> <span class='ocrx_word' id='word_1_106' title='bbox 1164 1804 1358 1849; x_wconf 84' lang='lat' dir='ltr'><strong>adversus</strong></span> <span class='ocrx_word' id='word_1_107' title='bbox 1377 1814 1452 1863; x_wconf 81' lang='lat' dir='ltr'><strong>ty-</strong></span> 
     </span>
     <span class='ocr_line' id='line_1_16' title="bbox 162 1906 1450 1969; baseline 0.002 -18"><span class='ocrx_word' id='word_1_108' title='bbox 162 1914 362 1953; x_wconf 45' lang='lat' dir='ltr'><strong>rannum*</strong></span> <span class='ocrx_word' id='word_1_109' title='bbox 383 1906 556 1968; x_wconf 84' lang='lat' dir='ltr'><strong>gerendi</strong></span> <span class='ocrx_word' id='word_1_110' title='bbox 581 1906 851 1966; x_wconf 89' lang='lat' dir='ltr'><strong>receptaculo</strong></span> <span class='ocrx_word' id='word_1_111' title='bbox 877 1914 1080 1954; x_wconf 87' lang='lat' dir='ltr'><strong>uteretur.</strong></span> <span class='ocrx_word' id='word_1_112' title='bbox 1145 1907 1237 1965; x_wconf 82' lang='lat' dir='ltr'><strong>Quo</strong></span> <span class='ocrx_word' id='word_1_113' title='bbox 1264 1909 1423 1969; x_wconf 89' lang='lat' dir='ltr'><strong>potitus</strong></span> <span class='ocrx_word' id='word_1_114' title='bbox 1439 1944 1450 1963; x_wconf 87' lang='lat'>‚</span> 
     </span>
     <span class='ocr_line' id='line_1_17' title="bbox 165 2011 764 2072; baseline 0.002 -18"><span class='ocrx_word' id='word_1_115' title='bbox 165 2027 257 2056; x_wconf 91' lang='lat' dir='ltr'><strong>rem</strong></span> <span class='ocrx_word' id='word_1_116' title='bbox 287 2011 429 2055; x_wconf 90' lang='lat' dir='ltr'><strong>statim</strong></span> <span class='ocrx_word' id='word_1_117' title='bbox 452 2026 662 2072; x_wconf 77' lang='lat' dir='ltr'><strong>aggressus</strong></span> <span class='ocrx_word' id='word_1_118' title='bbox 688 2019 764 2056; x_wconf 87' lang='lat' dir='ltr'><strong>est.</strong></span> 
     </span>
    </p>

    <p class='ocr_par' dir='ltr' id='par_1_3' title="bbox 167 2111 1452 2283">
     <span class='ocr_line' id='line_1_18' title="bbox 226 2111 1450 2164; baseline 0.005 -6"><span class='ocrx_word' id='word_1_119' title='bbox 226 2113 477 2159; x_wconf 89' lang='lat' dir='ltr'><strong>Plutarchus</strong></span> <span class='ocrx_word' id='word_1_120' title='bbox 517 2111 627 2160; x_wconf 78' lang='lat' dir='ltr'><strong>miro</strong></span> <span class='ocrx_word' id='word_1_121' title='bbox 672 2115 940 2160; x_wconf 87' lang='lat' dir='ltr'><strong>describendi</strong></span> <span class='ocrx_word' id='word_1_122' title='bbox 984 2116 1163 2161; x_wconf 84' lang='lat' dir='ltr'><strong>artificio</strong></span> <span class='ocrx_word' id='word_1_123' title='bbox 1189 2126 1321 2162; x_wconf 89' lang='lat' dir='ltr'><strong>totam</strong></span> <span class='ocrx_word' id='word_1_124' title='bbox 1341 2118 1450 2164; x_wconf 91' lang='lat' dir='ltr'><strong>hanc</strong></span> 
     </span>
     <span class='ocr_line' id='line_1_19' title="bbox 167 2216 1452 2283; baseline 0.005 -21"><span class='ocrx_word' id='word_1_125' title='bbox 167 2217 290 2262; x_wconf 83' lang='lat' dir='ltr'><strong>Arati</strong></span> <span class='ocrx_word' id='word_1_126' title='bbox 318 2216 632 2277; x_wconf 84' lang='lat' dir='ltr'><strong>expeditionem</strong></span> <span class='ocrx_word' id='word_1_127' title='bbox 661 2220 844 2264; x_wconf 82' lang='lat' dir='ltr'><strong>narravit</strong></span> <span class='ocrx_word' id='word_1_128' title='bbox 891 2219 952 2274; x_wconf 92' lang='lat'><strong>¹),</strong></span> <span class='ocrx_word' id='word_1_129' title='bbox 1001 2236 1127 2282; x_wconf 86' lang='lat' dir='ltr'><strong>quam</strong></span> <span class='ocrx_word' id='word_1_130' title='bbox 1166 2222 1338 2283; x_wconf 91' lang='lat' dir='ltr'><strong>quidem</strong></span> <span class='ocrx_word' id='word_1_131' title='bbox 1370 2223 1452 2269; x_wconf 90' lang='lat' dir='ltr'><strong>hoc</strong></span> 
     </span>
    </p>
   </div>
   <div class='ocr_carea' id='block_1_3' title="bbox 164 2321 1451 2383">
    <p class='ocr_par' dir='ltr' id='par_1_4' title="bbox 164 2321 1451 2383">
     <span class='ocr_line' id='line_1_20' title="bbox 164 2321 1451 2383; baseline 0.004 -18"><span class='ocrx_word' id='word_1_132' title='bbox 164 2321 259 2366; x_wconf 91' lang='lat' dir='ltr'><strong>loco</strong></span> <span class='ocrx_word' id='word_1_133' title='bbox 298 2329 495 2366; x_wconf 84' lang='lat' dir='ltr'><strong>accurate</strong></span> <span class='ocrx_word' id='word_1_134' title='bbox 532 2323 729 2383; x_wconf 90' lang='lat' dir='ltr'><strong>persequi</strong></span> <span class='ocrx_word' id='word_1_135' title='bbox 756 2338 842 2367; x_wconf 88' lang='lat' dir='ltr'><strong>non</strong></span> <span class='ocrx_word' id='word_1_136' title='bbox 879 2323 1009 2369; x_wconf 88' lang='lat' dir='ltr'><strong>lubet.</strong></span> <span class='ocrx_word' id='word_1_137' title='bbox 1074 2323 1198 2369; x_wconf 91' lang='lat' dir='ltr'><strong>Haud</strong></span> <span class='ocrx_word' id='word_1_138' title='bbox 1225 2334 1367 2370; x_wconf 87' lang='lat' dir='ltr'><strong>tamen</strong></span> <span class='ocrx_word' id='word_1_139' title='bbox 1396 2327 1451 2370; x_wconf 89' lang='lat' dir='ltr'><strong>si-</strong></span> 
     </span>
    </p>
   </div>
   <div class='ocr_carea' id='block_1_4' title="bbox 168 2567 1452 2685">
    <p class='ocr_par' dir='ltr' id='par_1_5' title="bbox 168 2567 1452 2685">
     <span class='ocr_line' id='line_1_21' title="bbox 218 2567 1452 2616; baseline 0 -12"><span class='ocrx_word' id='word_1_140' title='bbox 218 2577 251 2611; x_wconf 74' lang='lat' dir='ltr'><strong>i)</strong></span> <span class='ocrx_word' id='word_1_141' title='bbox 301 2568 343 2603; x_wconf 89' lang='lat' dir='ltr'><strong>In</strong></span> <span class='ocrx_word' id='word_1_142' title='bbox 370 2580 403 2603; x_wconf 87' lang='lat' dir='ltr'><strong>v.</strong></span> <span class='ocrx_word' id='word_1_143' title='bbox 429 2568 530 2603; x_wconf 82' lang='lat' dir='ltr'><strong>Arati</strong></span> <span class='ocrx_word' id='word_1_144' title='bbox 555 2581 588 2604; x_wconf 89' lang='lat' dir='ltr'><strong>c.</strong></span> <span class='ocrx_word' id='word_1_145' title='bbox 613 2567 773 2603; x_wconf 84' lang='lat' dir='ltr'>v.—1x.</span> <span class='ocrx_word' id='word_1_146' title='bbox 798 2567 962 2604; x_wconf 85' lang='lat' dir='ltr'><strong>Vividam</strong></span> <span class='ocrx_word' id='word_1_147' title='bbox 985 2569 1015 2604; x_wconf 85' lang='lat' dir='ltr'><strong>si</strong></span> <span class='ocrx_word' id='word_1_148' title='bbox 1039 2576 1172 2616; x_wconf 85' lang='lat' dir='ltr'><strong>spectes</strong></span> <span class='ocrx_word' id='word_1_149' title='bbox 1197 2578 1237 2607; x_wconf 83' lang='lat' dir='ltr'><strong>et</strong></span> <span class='ocrx_word' id='word_1_150' title='bbox 1262 2583 1343 2606; x_wconf 85' lang='lat' dir='ltr'><strong>vero</strong></span> <span class='ocrx_word' id='word_1_151' title='bbox 1369 2571 1452 2605; x_wconf 85' lang='lat' dir='ltr'><strong>dra-</strong></span> 
     </span>
     <span class='ocr_line' id='line_1_22' title="bbox 168 2637 1452 2685; baseline 0.002 -12"><span class='ocrx_word' id='word_1_152' title='bbox 168 2637 332 2674; x_wconf 84' lang='lat' dir='ltr'><strong>maticam</strong></span> <span class='ocrx_word' id='word_1_153' title='bbox 361 2648 480 2672; x_wconf 86' lang='lat' dir='ltr'><strong>rerum</strong></span> <span class='ocrx_word' id='word_1_154' title='bbox 500 2644 676 2682; x_wconf 81' lang='lat' dir='ltr'><strong>gestarum</strong></span> <span class='ocrx_word' id='word_1_155' title='bbox 705 2637 983 2685; x_wconf 82' lang='lat' dir='ltr'><strong>expositionem,</strong></span> <span class='ocrx_word' id='word_1_156' title='bbox 1011 2639 1086 2685; x_wconf 82' lang='lat' dir='ltr'><strong>jure</strong></span> <span class='ocrx_word' id='word_1_157' title='bbox 1114 2639 1323 2676; x_wconf 77' lang='lat' dir='ltr'><strong>Plutarchus</strong></span> <span class='ocrx_word' id='word_1_158' title='bbox 1337 2638 1452 2675; x_wconf 83' lang='lat' dir='ltr'><strong>laudis</strong></span> 
     </span>
    </p>
   </div>
  </div>
 </body>
</html>
