1630 3217
807 310 861 353 62

181 457 226 500 in
254 456 412 503 Martis·
430 455 914 502 discrimen-adducere.
957 451 1190 501 ¹Conviciis
1220 456 1349 516 igitur
1379 472 1464 501 un-

178 558 307 618 dique
336 559 495 618 petitus
514 593 525 613 ‚
573 576 655 604 non
685 550 869 620 ponebat
904 576 1091 606 rumores
1130 570 1229 606 ante
1269 561 1464 608 salutem.

176 663 324 724 Neque
353 678 470 725 spem
511 665 644 710 exitus
667 664 838 712 fefellit.
905 664 1045 711 Aetoli
1074 665 1210 719 enim,
1250 664 1464 725 Pelopon—

175 780 321 810 nesum
352 766 529 826 ingressi
546 801 557 821 ,
591 758 795 812 Pellenen
819 777 1035 828 ceperunt.
1101 769 1158 813 At
1189 783 1286 813 vero
1312 754 1465 815 Aratus

175 883 366 935 repente·
392 889 469 918 -eos
510 874 770 919 lascivientes
812 873 983 919 adortus
999 910 1011 928 ,
1056 875 1201 921 multis
1228 875 1383 930 caesis,
1416 890 1464 919 ex

174 978 283 1022 urbe
306 974 480 1037 expulit.
544 975 641 1020 Mor
670 989 768 1019 vero
787 1009 800 1030 ,
831 976 965 1021 multa
1006 992 1139 1036 quum
1154 993 1187 1030 ,²
1215 987 1312 1037 post
1339 979 1462 1023 Anti-

173 1079 275 1139 goni
305 1077 468 1123 obitum
491 1110 504 1131 ,
537 1076 707 1122 aliunde
748 1075 935 1137 pericula
952 1109 965 1130 ,
1012 1092 1035 1120 a
1066 1062 1347 1124 Macedonum
1386 1082 1459 1124 in-

175 1183 325 1244 primis
369 1191 515 1243 pane,
572 1181 842 1227 imminerent
896 1180 1074 1226 Achaeis
1093 1216 1105 1234 ‚
1164 1182 1376 1227 exstinctis
1419 1183 1463 1226 in

175 1300 368 1347 praesens
394 1285 502 1331 odiis
528 1293 656 1346 atque
667 1285 950 1330 simultatibus
971 1319 982 1338 ,
1017 1300 1102 1328 non
1128 1299 1279 1345 pacem
1292 1293 1458 1330 tantum

176 1402 276 1433 cum
321 1389 481 1435 Aetolis
525 1388 597 1434 sed
644 1387 796 1434 sociale
847 1388 975 1433 etiam
1016 1395 1160 1433 contra
1199 1385 1464 1434 Demetrium

174 1491 321 1536 foedus
342 1492 532 1537 inierunt
554 1500 682 1552 atque
706 1493 867 1536 amicae
901 1491 1120 1551 cujusdam
1152 1493 1461 1551 conjunctionis

173 1595 331 1655 species
354 1594 503 1640 saltem
526 1595 638 1639 inter
662 1604 888 1655 utramque
904 1603 1084 1655 gentem
1115 1595 1304 1641 obtinuit
1343 1599 1398 1645 ¹).

238 1700 371 1760 Atqui
408 1714 623 1744 armorum
646 1697 790 1751 illam,
839 1710 968 1756 quam
992 1696 1233 1741 mododixi
1252 1731 1265 1751 ,
1313 1712 1463 1742 conso-

177 1799 434 1854 ciationem,
466 1800 520 1844 ab
547 1798 725 1845 Achaeis
752 1807 795 1844 et
825 1798 1168 1846 Lacedaemoniis
1201 1801 1254 1846 ad
1291 1800 1465 1847 Aetolo-

175 1917 272 1948 rum
336 1903 544 1965 impetum
611 1900 929 1963 reprimendum
985 1902 1135 1947 initam
1162 1937 1175 1958 ,
1238 1903 1469 1966 displicere·

174 2006 362 2051 intellexi
389 2007 551 2052 auctori
591 2007 930 2052 observationum
971 2023 1096 2069 super
1133 2009 1220 2054 vita
1248 2009 1394 2070 Agidis
1420 2018 1462 2053 et

177 2102 413 2157 Cleomenis
450 2112 504 2159 ²).
547 2112 754 2168 Quocirca
788 2110 1011 2156 nonnullos
1041 2112 1087 2154 in
1115 2126 1242 2171 opere
1272 2112 1362 2170 ejus
1389 2124 1461 2152 er-

226 2239 263 2291 ¹)v
305 2255 434 2308 Polyb.
462 2256 518 2292 II.
549 2258 610 2291 114.
644 2236 694 2290 τὰ
724 2256 791 2297 μὲν
824 2259 889 2299 τῆς
920 2255 1205 2302 ἀλλοτριότητος
1230 2254 1296 2287 καὶ
1320 2216 1462 2295 διυσμε-

175 2326 281 2365 νείας
313 2324 415 2371 ἤρθη
451 2325 549 2357 κατὰ
579 2325 625 2357 τὸ
653 2323 794 2369 παρὸν,
842 2317 1049 2365 &uersuta
1087 2319 1131 2356 δὲ
1174 2322 1363 2366 κοινωνικὴ
1399 2320 1466 2355 καὶ.

175 2409 216 2436 φι
203 2396 254 2428 ιιλ
240 2396 303 2440 ικὴ
326 2407 363 2428 τι
366 2406 383 2432 ς
407 2392 536 2431 αὐτοῖς
560 2391 743 2429 διάθεσις.
792 2388 848 2424 Cf.
872 2388 919 2424 V.
945 2388 1048 2424 Arati
1086 2386 1402 2423 XXXI—XXXIII.
1427 2394 1465 2423 et

177 2462 226 2498 V.
250 2460 373 2509 Agidis
397 2458 610 2513 >llll—XV.
747 2508 750 2510 ι

207 2536 257 2569 ,9)
310 2531 563 2577 Observations
597 2541 662 2564 sur
696 2530 735 2562 la
768 2529 823 2562 vie
848 2528 980 2573 d’Aqis
1011 2531 1046 2565 et
1070 2529 1111 2562 de
1146 2529 1354 2564 Cleomenes.
1406 2530 1466 2578 Cf.

175 2602 363 2636 Me'moires
386 2601 428 2634 de
455 2600 479 2634 l’
484 2598 674 2635 Acade'mie
696 2598 839 2643 Royaze
861 2597 920 2632 des
940 2598 1166 2643 inscriptions
1200 2601 1234 2632 et
1267 2597 1371 2632 belles
1393 2597 1463 2632 let-

177 2675 247 2706 tres
275 2670 353 2705 Vol.
380 2669 492 2704 XIV
