1630 3217
820 273 837 318 1
849 268 907 321 90

794 410 921 467 VII.

273 560 429 606 Verba
466 561 723 617 Ciceronis,
755 567 805 607 in
837 564 984 609 Bruto
1010 582 1047 610 c.
1078 577 1168 611 ΧΠ.
1206 600 1236 619 ,,
1254 565 1392 610 Pacis
1423 574 1490 609 est

210 659 353 689 comes
383 648 546 704 otiique
575 650 700 699 socia
729 646 892 705 etjam
917 648 1017 693 bene
1046 652 1314 693 constitutae
1327 652 1487 694 cimita-

209 730 274 772 tis
309 731 443 786 quasi
481 729 664 772 alumna
702 728 914 786 quaedam
948 732 1229 788 „eloquentia”
1257 746 1343 774 non
1364 747 1489 791 pug-

208 819 322 856 nant
347 829 444 857 cum
471 816 686 855 sententia
717 814 918 855 auctoris
932 813 1137 875 dialogi:
1151 816 1206 859 de
1229 819 1378 860 causis
1390 830 1489 859 cor-

210 901 373 954 ruptae
400 894 671 951 eloquentiae
698 909 737 939 e.
769 896 831 938 40
848 929 859 947 ,
892 896 968 939 ubi
994 897 1107 940 lianc
1137 902 1312 957 ipsam,
1346 901 1488 944 alum-

208 991 313 1020 nam
338 982 465 1019 vocat
495 977 703 1020 licentiae
723 1010 736 1029 ,
768 976 1033 1021 seditionum
1062 983 1260 1024 comitem
1272 989 1314 1025 et
1329 986 1376 1025 in
1391 984 1491 1026 bene

210 1060 466 1102 constitutis
496 1059 751 1102 civitatibus
782 1062 908 1102 oriri
930 1066 1083 1121 negat.

781 1180 941 1228 VIII.

240 1348 243 1350 .
275 1306 336 1351 In
385 1305 603 1365 Aeschyli
657 1305 917 1366 Tragoedia
950 1338 963 1359 ,
1023 1320 1131 1363 quae
1180 1306 1448 1350 inscribitur
1476 1318 1488 1349 .·

211 1389 440 1444 Εὐμενίδες
454 1422 468 1442 ,
499 1390 699 1445 quamvis
718 1387 784 1430 ad
795 1394 1011 1430 terrorem
1026 1390 1252 1447 tragicum
1264 1402 1489 1430 sensuum-

209 1484 289 1526 que
312 1468 627 1512 sublimitatem
643 1502 655 1520 ‚
690 1474 739 1511 ut
763 1472 844 1511 vix
872 1468 973 1510 alia
987 1501 999 1520 ‚
1033 1474 1295 1525 comparata
1312 1502 1326 1522 ,
1343 1468 1487 1527 Apol-

211 1549 325 1595 linis
354 1556 501 1594 tamen
526 1550 660 1593 verba
680 1583 692 1602 ,
724 1549 894 1606 quibus,
918 1549 984 1592 ad
1024 1548 1210 1592 Orestae
1224 1548 1491 1592 matricidae

210 1646 361 1675 coram
390 1632 636 1692 Areopago
662 1647 846 1676 causam
870 1631 1090 1684 tuendam,
1104 1637 1291 1676 utentem
1307 1633 1490 1692 eumfa-

211 1716 276 1757 cit
294 1720 434 1773 poeta
463 1715 534 1772 (V
532 1725 562 1758 ⁸.
596 1715 688 1757 658
719 1714 814 1759 Ed.
830 1714 1076 1773 Dindorf:)
1110 1729 1242 1771 neque
1257 1717 1487 1775 augustis-

211 1798 321 1838 simi
370 1796 617 1839 tribunalis
657 1795 890 1851 majestati
921 1810 1052 1852 neque
1093 1798 1231 1838 totius
1269 1798 1489 1839 carminis

212 1878 435 1939 dignitati
460 1886 752 1923 consentanea
781 1881 957 1921 censeri
982 1877 1149 1921 debent.

802 2042 901 2088 IX.

270 2210 330 2254 In
376 2209 569 2268 ejusdem
615 2209 869 2269 Tragoedi.·
903 2207 1134 2249 ‘Emagna
1162 2208 1334 2264 Θήβας,
1357 2205 1489 2248 verba

200 2295 473 2352 praeconis,
506 2291 571 2335 ad
600 2292 650 2334 V
647 2302 663 2324 ³
700 2291 821 2335 5044
840 2306 853 2334 .·

360 2380 513 2433 τραχύς
538 2391 582 2428 γε
608 2374 752 2428 μέντοι
781 2373 906 2427 δῆμος
936 2372 1131 2426 ἐκφυγὼν
1163 2374 1302 2423 κακά,-

209 2465 259 2504 in
283 2476 337 2503 ea
362 2461 433 2503 vel
470 2461 665 2502 maxime
690 2456 915 2514 quadrant
930 2457 1130 2514 tempora
1149 2453 1323 2510 ‚quibus
1348 2451 1487 2495 Athe-

210 2546 384 2586 nienses
413 2544 688 2584 imminentes
718 2540 806 2583 sibi
832 2557 862 2583 a
888 2539 1053 2583 Persis
1080 2538 1365 2580 calamitates
1394 2536 1489 2578 elu-

210 2626 324 2667 ctati
342 2657 353 2676 ‚
386 2637 542 2666 novam
570 2622 709 2665 veluti
732 2623 869 2664 vitam
894 2622 1042 2663 vivere
1067 2622 1316 2677 coeperunt.
1359 2625 1361 2628 ’
